%YAML 1.1
%TAG !u! tag:unity3d.com,2011:
--- !u!1 &123816252006641528
GameObject:
  m_ObjectHideFlags: 0
  m_CorrespondingSourceObject: {fileID: 0}
  m_PrefabInstance: {fileID: 0}
  m_PrefabAsset: {fileID: 0}
  serializedVersion: 6
  m_Component:
  - component: {fileID: 8343483571245747867}
  - component: {fileID: 5917632467819035637}
  m_Layer: 0
  m_Name: Light
  m_TagString: Untagged
  m_Icon: {fileID: 0}
  m_NavMeshLayer: 0
  m_StaticEditorFlags: 0
  m_IsActive: 1
--- !u!4 &8343483571245747867
Transform:
  m_ObjectHideFlags: 0
  m_CorrespondingSourceObject: {fileID: 0}
  m_PrefabInstance: {fileID: 0}
  m_PrefabAsset: {fileID: 0}
  m_GameObject: {fileID: 123816252006641528}
  m_LocalRotation: {x: -0, y: -0, z: -0, w: 1}
  m_LocalPosition: {x: 0, y: 0, z: 0}
  m_LocalScale: {x: 1, y: 1, z: 1}
  m_Children:
  - {fileID: 4262319013084135590}
  - {fileID: 3088867876567300666}
  - {fileID: 7223684353126031730}
  - {fileID: 9222162601946730234}
  m_Father: {fileID: 2285399146947869613}
  m_RootOrder: 4
  m_LocalEulerAnglesHint: {x: 0, y: 0, z: 0}
--- !u!114 &5917632467819035637
MonoBehaviour:
  m_ObjectHideFlags: 0
  m_CorrespondingSourceObject: {fileID: 0}
  m_PrefabInstance: {fileID: 0}
  m_PrefabAsset: {fileID: 0}
  m_GameObject: {fileID: 123816252006641528}
  m_Enabled: 1
  m_EditorHideFlags: 0
  m_Script: {fileID: 11500000, guid: 8fec7e10d5883bf4aa75872f1431a607, type: 3}
  m_Name: 
  m_EditorClassIdentifier: 
  canOverlap: 0
--- !u!1 &563771357520655352
GameObject:
  m_ObjectHideFlags: 0
  m_CorrespondingSourceObject: {fileID: 0}
  m_PrefabInstance: {fileID: 0}
  m_PrefabAsset: {fileID: 0}
  serializedVersion: 6
  m_Component:
  - component: {fileID: 2733817995235667311}
  - component: {fileID: 4122683472507041785}
  m_Layer: 0
  m_Name: Trims
  m_TagString: Untagged
  m_Icon: {fileID: 0}
  m_NavMeshLayer: 0
  m_StaticEditorFlags: 0
  m_IsActive: 1
--- !u!4 &2733817995235667311
Transform:
  m_ObjectHideFlags: 0
  m_CorrespondingSourceObject: {fileID: 0}
  m_PrefabInstance: {fileID: 0}
  m_PrefabAsset: {fileID: 0}
  m_GameObject: {fileID: 563771357520655352}
  m_LocalRotation: {x: -0, y: -0, z: -0, w: 1}
  m_LocalPosition: {x: 0, y: 0, z: 0}
  m_LocalScale: {x: 1, y: 1, z: 1}
  m_Children:
  - {fileID: 4355535938274121455}
  m_Father: {fileID: 2285399146947869613}
  m_RootOrder: 2
  m_LocalEulerAnglesHint: {x: 0, y: 0, z: 0}
--- !u!114 &4122683472507041785
MonoBehaviour:
  m_ObjectHideFlags: 0
  m_CorrespondingSourceObject: {fileID: 0}
  m_PrefabInstance: {fileID: 0}
  m_PrefabAsset: {fileID: 0}
  m_GameObject: {fileID: 563771357520655352}
  m_Enabled: 1
  m_EditorHideFlags: 0
  m_Script: {fileID: 11500000, guid: 8fec7e10d5883bf4aa75872f1431a607, type: 3}
  m_Name: 
  m_EditorClassIdentifier: 
  canOverlap: 0
--- !u!1 &860614300809549644
GameObject:
  m_ObjectHideFlags: 0
  m_CorrespondingSourceObject: {fileID: 0}
  m_PrefabInstance: {fileID: 0}
  m_PrefabAsset: {fileID: 0}
  serializedVersion: 6
  m_Component:
  - component: {fileID: 4262319013084135590}
  m_Layer: 0
  m_Name: Variant
  m_TagString: Untagged
  m_Icon: {fileID: 0}
  m_NavMeshLayer: 0
  m_StaticEditorFlags: 0
  m_IsActive: 0
--- !u!4 &4262319013084135590
Transform:
  m_ObjectHideFlags: 0
  m_CorrespondingSourceObject: {fileID: 0}
  m_PrefabInstance: {fileID: 0}
  m_PrefabAsset: {fileID: 0}
  m_GameObject: {fileID: 860614300809549644}
  m_LocalRotation: {x: 0, y: 0, z: 0, w: 1}
  m_LocalPosition: {x: 0, y: 0, z: 0}
  m_LocalScale: {x: 1, y: 1, z: 1}
  m_Children: []
  m_Father: {fileID: 8343483571245747867}
  m_RootOrder: 0
  m_LocalEulerAnglesHint: {x: 0, y: 0, z: 0}
--- !u!1 &1590996678155035710
GameObject:
  m_ObjectHideFlags: 0
  m_CorrespondingSourceObject: {fileID: 0}
  m_PrefabInstance: {fileID: 0}
  m_PrefabAsset: {fileID: 0}
  serializedVersion: 6
  m_Component:
  - component: {fileID: 7223684353126031730}
  m_Layer: 0
  m_Name: Variant (2)
  m_TagString: Untagged
  m_Icon: {fileID: 0}
  m_NavMeshLayer: 0
  m_StaticEditorFlags: 0
  m_IsActive: 1
--- !u!4 &7223684353126031730
Transform:
  m_ObjectHideFlags: 0
  m_CorrespondingSourceObject: {fileID: 0}
  m_PrefabInstance: {fileID: 0}
  m_PrefabAsset: {fileID: 0}
  m_GameObject: {fileID: 1590996678155035710}
  m_LocalRotation: {x: 0, y: 0, z: 0, w: 1}
  m_LocalPosition: {x: -0, y: 0, z: 0}
  m_LocalScale: {x: 1, y: 1, z: 1}
  m_Children:
  - {fileID: 5458395509662215418}
  - {fileID: 8024685099081353478}
  m_Father: {fileID: 8343483571245747867}
  m_RootOrder: 2
  m_LocalEulerAnglesHint: {x: 0, y: 0, z: 0}
--- !u!1 &2285399146947869614
GameObject:
  m_ObjectHideFlags: 0
  m_CorrespondingSourceObject: {fileID: 0}
  m_PrefabInstance: {fileID: 0}
  m_PrefabAsset: {fileID: 0}
  serializedVersion: 6
  m_Component:
  - component: {fileID: 2285399146947869613}
  m_Layer: 0
  m_Name: Segment_Arched
  m_TagString: Untagged
  m_Icon: {fileID: 0}
  m_NavMeshLayer: 0
  m_StaticEditorFlags: 0
  m_IsActive: 1
--- !u!4 &2285399146947869613
Transform:
  m_ObjectHideFlags: 0
  m_CorrespondingSourceObject: {fileID: 0}
  m_PrefabInstance: {fileID: 0}
  m_PrefabAsset: {fileID: 0}
  m_GameObject: {fileID: 2285399146947869614}
  m_LocalRotation: {x: 0, y: 0, z: 0, w: 1}
  m_LocalPosition: {x: 0, y: 0, z: 0}
  m_LocalScale: {x: 1, y: 1, z: 1}
  m_Children:
  - {fileID: 7063819384691624110}
  - {fileID: 5326347050864184682}
  - {fileID: 2733817995235667311}
  - {fileID: 7697598963728535724}
  - {fileID: 8343483571245747867}
  m_Father: {fileID: 0}
  m_RootOrder: 0
  m_LocalEulerAnglesHint: {x: 0, y: 0, z: 0}
--- !u!1 &2423909147588058848
GameObject:
  m_ObjectHideFlags: 0
  m_CorrespondingSourceObject: {fileID: 0}
  m_PrefabInstance: {fileID: 0}
  m_PrefabAsset: {fileID: 0}
  serializedVersion: 6
  m_Component:
  - component: {fileID: 3538327539241429624}
  m_Layer: 0
  m_Name: Variant (1)
  m_TagString: Untagged
  m_Icon: {fileID: 0}
  m_NavMeshLayer: 0
  m_StaticEditorFlags: 0
  m_IsActive: 1
--- !u!4 &3538327539241429624
Transform:
  m_ObjectHideFlags: 0
  m_CorrespondingSourceObject: {fileID: 0}
  m_PrefabInstance: {fileID: 0}
  m_PrefabAsset: {fileID: 0}
  m_GameObject: {fileID: 2423909147588058848}
  m_LocalRotation: {x: 0, y: 0, z: 0, w: 1}
  m_LocalPosition: {x: 0, y: 0, z: 0}
  m_LocalScale: {x: 1, y: 1, z: 1}
  m_Children:
  - {fileID: 7657809281746281628}
  - {fileID: 5907592809016509189}
  - {fileID: 1109261865124610939}
  - {fileID: 696187891596087788}
  - {fileID: 4556635760622203319}
  - {fileID: 4142152078661948939}
  - {fileID: 5391315404160664266}
  - {fileID: 6414157956601449935}
  - {fileID: 5481284574019128824}
  m_Father: {fileID: 7697598963728535724}
  m_RootOrder: 1
  m_LocalEulerAnglesHint: {x: 0, y: 0, z: 0}
--- !u!1 &3098796131157619408
GameObject:
  m_ObjectHideFlags: 0
  m_CorrespondingSourceObject: {fileID: 0}
  m_PrefabInstance: {fileID: 0}
  m_PrefabAsset: {fileID: 0}
  serializedVersion: 6
  m_Component:
  - component: {fileID: 1912672975105037160}
  m_Layer: 0
  m_Name: Variant
  m_TagString: Untagged
  m_Icon: {fileID: 0}
  m_NavMeshLayer: 0
  m_StaticEditorFlags: 0
  m_IsActive: 1
--- !u!4 &1912672975105037160
Transform:
  m_ObjectHideFlags: 0
  m_CorrespondingSourceObject: {fileID: 0}
  m_PrefabInstance: {fileID: 0}
  m_PrefabAsset: {fileID: 0}
  m_GameObject: {fileID: 3098796131157619408}
  m_LocalRotation: {x: 0, y: 0, z: 0, w: 1}
  m_LocalPosition: {x: 0, y: 0, z: 0}
  m_LocalScale: {x: 1, y: 1, z: 1}
  m_Children:
  - {fileID: 2285399145876643494}
  m_Father: {fileID: 7063819384691624110}
  m_RootOrder: 0
  m_LocalEulerAnglesHint: {x: 0, y: 0, z: 0}
--- !u!1 &4561391283015379938
GameObject:
  m_ObjectHideFlags: 0
  m_CorrespondingSourceObject: {fileID: 0}
  m_PrefabInstance: {fileID: 0}
  m_PrefabAsset: {fileID: 0}
  serializedVersion: 6
  m_Component:
  - component: {fileID: 7063819384691624110}
  - component: {fileID: 4413179799694298899}
  m_Layer: 0
  m_Name: Walls
  m_TagString: Untagged
  m_Icon: {fileID: 0}
  m_NavMeshLayer: 0
  m_StaticEditorFlags: 0
  m_IsActive: 1
--- !u!4 &7063819384691624110
Transform:
  m_ObjectHideFlags: 0
  m_CorrespondingSourceObject: {fileID: 0}
  m_PrefabInstance: {fileID: 0}
  m_PrefabAsset: {fileID: 0}
  m_GameObject: {fileID: 4561391283015379938}
  m_LocalRotation: {x: -0, y: -0, z: -0, w: 1}
  m_LocalPosition: {x: 0, y: 0, z: 0}
  m_LocalScale: {x: 1, y: 1, z: 1}
  m_Children:
  - {fileID: 1912672975105037160}
  m_Father: {fileID: 2285399146947869613}
  m_RootOrder: 0
  m_LocalEulerAnglesHint: {x: 0, y: 0, z: 0}
--- !u!114 &4413179799694298899
MonoBehaviour:
  m_ObjectHideFlags: 0
  m_CorrespondingSourceObject: {fileID: 0}
  m_PrefabInstance: {fileID: 0}
  m_PrefabAsset: {fileID: 0}
  m_GameObject: {fileID: 4561391283015379938}
  m_Enabled: 1
  m_EditorHideFlags: 0
  m_Script: {fileID: 11500000, guid: 8fec7e10d5883bf4aa75872f1431a607, type: 3}
  m_Name: 
  m_EditorClassIdentifier: 
  canOverlap: 0
--- !u!1 &4688657225367043646
GameObject:
  m_ObjectHideFlags: 0
  m_CorrespondingSourceObject: {fileID: 0}
  m_PrefabInstance: {fileID: 0}
  m_PrefabAsset: {fileID: 0}
  serializedVersion: 6
  m_Component:
  - component: {fileID: 3088867876567300666}
  m_Layer: 0
  m_Name: Variant (1)
  m_TagString: Untagged
  m_Icon: {fileID: 0}
  m_NavMeshLayer: 0
  m_StaticEditorFlags: 0
  m_IsActive: 0
--- !u!4 &3088867876567300666
Transform:
  m_ObjectHideFlags: 0
  m_CorrespondingSourceObject: {fileID: 0}
  m_PrefabInstance: {fileID: 0}
  m_PrefabAsset: {fileID: 0}
  m_GameObject: {fileID: 4688657225367043646}
  m_LocalRotation: {x: 0, y: 0, z: 0, w: 1}
  m_LocalPosition: {x: -0, y: 0, z: 0}
  m_LocalScale: {x: 1, y: 1, z: 1}
  m_Children:
  - {fileID: 4766011228650643306}
  m_Father: {fileID: 8343483571245747867}
  m_RootOrder: 1
  m_LocalEulerAnglesHint: {x: 0, y: 0, z: 0}
--- !u!1 &5086377344739658895
GameObject:
  m_ObjectHideFlags: 0
  m_CorrespondingSourceObject: {fileID: 0}
  m_PrefabInstance: {fileID: 0}
  m_PrefabAsset: {fileID: 0}
  serializedVersion: 6
  m_Component:
  - component: {fileID: 5326347050864184682}
  - component: {fileID: 5506813161885429831}
  m_Layer: 0
  m_Name: Floor
  m_TagString: Untagged
  m_Icon: {fileID: 0}
  m_NavMeshLayer: 0
  m_StaticEditorFlags: 0
  m_IsActive: 1
--- !u!4 &5326347050864184682
Transform:
  m_ObjectHideFlags: 0
  m_CorrespondingSourceObject: {fileID: 0}
  m_PrefabInstance: {fileID: 0}
  m_PrefabAsset: {fileID: 0}
  m_GameObject: {fileID: 5086377344739658895}
  m_LocalRotation: {x: -0, y: -0, z: -0, w: 1}
  m_LocalPosition: {x: 0, y: 0, z: 0}
  m_LocalScale: {x: 1, y: 1, z: 1}
  m_Children:
  - {fileID: 2738498808187882847}
  m_Father: {fileID: 2285399146947869613}
  m_RootOrder: 1
  m_LocalEulerAnglesHint: {x: 0, y: 0, z: 0}
--- !u!114 &5506813161885429831
MonoBehaviour:
  m_ObjectHideFlags: 0
  m_CorrespondingSourceObject: {fileID: 0}
  m_PrefabInstance: {fileID: 0}
  m_PrefabAsset: {fileID: 0}
  m_GameObject: {fileID: 5086377344739658895}
  m_Enabled: 1
  m_EditorHideFlags: 0
  m_Script: {fileID: 11500000, guid: 8fec7e10d5883bf4aa75872f1431a607, type: 3}
  m_Name: 
  m_EditorClassIdentifier: 
  canOverlap: 0
--- !u!1 &5289224835592381680
GameObject:
  m_ObjectHideFlags: 0
  m_CorrespondingSourceObject: {fileID: 0}
  m_PrefabInstance: {fileID: 0}
  m_PrefabAsset: {fileID: 0}
  serializedVersion: 6
  m_Component:
  - component: {fileID: 9222162601946730234}
  m_Layer: 0
  m_Name: Variant (3)
  m_TagString: Untagged
  m_Icon: {fileID: 0}
  m_NavMeshLayer: 0
  m_StaticEditorFlags: 0
  m_IsActive: 0
--- !u!4 &9222162601946730234
Transform:
  m_ObjectHideFlags: 0
  m_CorrespondingSourceObject: {fileID: 0}
  m_PrefabInstance: {fileID: 0}
  m_PrefabAsset: {fileID: 0}
  m_GameObject: {fileID: 5289224835592381680}
  m_LocalRotation: {x: 0, y: 0, z: 0, w: 1}
  m_LocalPosition: {x: -0, y: 0, z: 0}
  m_LocalScale: {x: 1, y: 1, z: 1}
  m_Children:
  - {fileID: 3193567957628238301}
  m_Father: {fileID: 8343483571245747867}
  m_RootOrder: 3
  m_LocalEulerAnglesHint: {x: 0, y: 0, z: 0}
--- !u!1 &6065658992517376768
GameObject:
  m_ObjectHideFlags: 0
  m_CorrespondingSourceObject: {fileID: 0}
  m_PrefabInstance: {fileID: 0}
  m_PrefabAsset: {fileID: 0}
  serializedVersion: 6
  m_Component:
  - component: {fileID: 7697598963728535724}
  - component: {fileID: 2649000966401469568}
  m_Layer: 0
  m_Name: Debris
  m_TagString: Untagged
  m_Icon: {fileID: 0}
  m_NavMeshLayer: 0
  m_StaticEditorFlags: 0
  m_IsActive: 1
--- !u!4 &7697598963728535724
Transform:
  m_ObjectHideFlags: 0
  m_CorrespondingSourceObject: {fileID: 0}
  m_PrefabInstance: {fileID: 0}
  m_PrefabAsset: {fileID: 0}
  m_GameObject: {fileID: 6065658992517376768}
  m_LocalRotation: {x: -0, y: -0, z: -0, w: 1}
  m_LocalPosition: {x: 0, y: 0, z: 0}
  m_LocalScale: {x: 1, y: 1, z: 1}
  m_Children:
  - {fileID: 5110624546808880307}
  - {fileID: 3538327539241429624}
  m_Father: {fileID: 2285399146947869613}
  m_RootOrder: 3
  m_LocalEulerAnglesHint: {x: 0, y: 0, z: 0}
--- !u!114 &2649000966401469568
MonoBehaviour:
  m_ObjectHideFlags: 0
  m_CorrespondingSourceObject: {fileID: 0}
  m_PrefabInstance: {fileID: 0}
  m_PrefabAsset: {fileID: 0}
  m_GameObject: {fileID: 6065658992517376768}
  m_Enabled: 1
  m_EditorHideFlags: 0
  m_Script: {fileID: 11500000, guid: 8fec7e10d5883bf4aa75872f1431a607, type: 3}
  m_Name: 
  m_EditorClassIdentifier: 
  canOverlap: 0
--- !u!1 &6367841908409403594
GameObject:
  m_ObjectHideFlags: 0
  m_CorrespondingSourceObject: {fileID: 0}
  m_PrefabInstance: {fileID: 0}
  m_PrefabAsset: {fileID: 0}
  serializedVersion: 6
  m_Component:
  - component: {fileID: 2738498808187882847}
  m_Layer: 0
  m_Name: Variant
  m_TagString: Untagged
  m_Icon: {fileID: 0}
  m_NavMeshLayer: 0
  m_StaticEditorFlags: 0
  m_IsActive: 1
--- !u!4 &2738498808187882847
Transform:
  m_ObjectHideFlags: 0
  m_CorrespondingSourceObject: {fileID: 0}
  m_PrefabInstance: {fileID: 0}
  m_PrefabAsset: {fileID: 0}
  m_GameObject: {fileID: 6367841908409403594}
  m_LocalRotation: {x: 0, y: 0, z: 0, w: 1}
  m_LocalPosition: {x: 0, y: 0, z: 0}
  m_LocalScale: {x: 1, y: 1, z: 1}
  m_Children:
  - {fileID: 9073875534151776812}
  m_Father: {fileID: 5326347050864184682}
  m_RootOrder: 0
  m_LocalEulerAnglesHint: {x: 0, y: 0, z: 0}
--- !u!1 &7353607185179372748
GameObject:
  m_ObjectHideFlags: 0
  m_CorrespondingSourceObject: {fileID: 0}
  m_PrefabInstance: {fileID: 0}
  m_PrefabAsset: {fileID: 0}
  serializedVersion: 6
  m_Component:
  - component: {fileID: 4355535938274121455}
  m_Layer: 0
  m_Name: Variant
  m_TagString: Untagged
  m_Icon: {fileID: 0}
  m_NavMeshLayer: 0
  m_StaticEditorFlags: 0
  m_IsActive: 1
--- !u!4 &4355535938274121455
Transform:
  m_ObjectHideFlags: 0
  m_CorrespondingSourceObject: {fileID: 0}
  m_PrefabInstance: {fileID: 0}
  m_PrefabAsset: {fileID: 0}
  m_GameObject: {fileID: 7353607185179372748}
  m_LocalRotation: {x: 0, y: 0, z: 0, w: 1}
  m_LocalPosition: {x: 0, y: 0, z: 0}
  m_LocalScale: {x: 1, y: 1, z: 1}
  m_Children:
  - {fileID: 4304766538756625615}
  - {fileID: 9112548107675570140}
  - {fileID: 4438057569945445560}
  - {fileID: 8058644727272163876}
  m_Father: {fileID: 2733817995235667311}
  m_RootOrder: 0
  m_LocalEulerAnglesHint: {x: 0, y: 0, z: 0}
--- !u!1 &7495157603943857866
GameObject:
  m_ObjectHideFlags: 0
  m_CorrespondingSourceObject: {fileID: 0}
  m_PrefabInstance: {fileID: 0}
  m_PrefabAsset: {fileID: 0}
  serializedVersion: 6
  m_Component:
  - component: {fileID: 5110624546808880307}
  m_Layer: 0
  m_Name: Variant
  m_TagString: Untagged
  m_Icon: {fileID: 0}
  m_NavMeshLayer: 0
  m_StaticEditorFlags: 0
  m_IsActive: 0
--- !u!4 &5110624546808880307
Transform:
  m_ObjectHideFlags: 0
  m_CorrespondingSourceObject: {fileID: 0}
  m_PrefabInstance: {fileID: 0}
  m_PrefabAsset: {fileID: 0}
  m_GameObject: {fileID: 7495157603943857866}
  m_LocalRotation: {x: 0, y: 0, z: 0, w: 1}
  m_LocalPosition: {x: 0, y: 0, z: 0}
  m_LocalScale: {x: 1, y: 1, z: 1}
  m_Children: []
  m_Father: {fileID: 7697598963728535724}
  m_RootOrder: 0
  m_LocalEulerAnglesHint: {x: 0, y: 0, z: 0}
--- !u!1001 &700353145318350280
PrefabInstance:
  m_ObjectHideFlags: 0
  serializedVersion: 2
  m_Modification:
    m_TransformParent: {fileID: 3538327539241429624}
    m_Modifications:
    - target: {fileID: 1815078820708826, guid: 4d0f6418c92e4d146bc3f77c06428067, type: 3}
      propertyPath: m_Name
      value: Debris_4_Decal (1)
      objectReference: {fileID: 0}
    - target: {fileID: 4921738240740388, guid: 4d0f6418c92e4d146bc3f77c06428067, type: 3}
      propertyPath: m_LocalPosition.x
      value: -2.9
      objectReference: {fileID: 0}
    - target: {fileID: 4921738240740388, guid: 4d0f6418c92e4d146bc3f77c06428067, type: 3}
      propertyPath: m_LocalPosition.y
      value: 0.01
      objectReference: {fileID: 0}
    - target: {fileID: 4921738240740388, guid: 4d0f6418c92e4d146bc3f77c06428067, type: 3}
      propertyPath: m_LocalPosition.z
      value: -4.157
      objectReference: {fileID: 0}
    - target: {fileID: 4921738240740388, guid: 4d0f6418c92e4d146bc3f77c06428067, type: 3}
      propertyPath: m_LocalRotation.x
      value: -0
      objectReference: {fileID: 0}
    - target: {fileID: 4921738240740388, guid: 4d0f6418c92e4d146bc3f77c06428067, type: 3}
      propertyPath: m_LocalRotation.y
      value: -0.70710987
      objectReference: {fileID: 0}
    - target: {fileID: 4921738240740388, guid: 4d0f6418c92e4d146bc3f77c06428067, type: 3}
      propertyPath: m_LocalRotation.z
      value: -0
      objectReference: {fileID: 0}
    - target: {fileID: 4921738240740388, guid: 4d0f6418c92e4d146bc3f77c06428067, type: 3}
      propertyPath: m_LocalRotation.w
      value: -0.7071038
      objectReference: {fileID: 0}
    - target: {fileID: 4921738240740388, guid: 4d0f6418c92e4d146bc3f77c06428067, type: 3}
      propertyPath: m_RootOrder
      value: 3
      objectReference: {fileID: 0}
    - target: {fileID: 4921738240740388, guid: 4d0f6418c92e4d146bc3f77c06428067, type: 3}
      propertyPath: m_LocalEulerAnglesHint.x
      value: 0
      objectReference: {fileID: 0}
    - target: {fileID: 4921738240740388, guid: 4d0f6418c92e4d146bc3f77c06428067, type: 3}
      propertyPath: m_LocalEulerAnglesHint.y
      value: -270
      objectReference: {fileID: 0}
    - target: {fileID: 4921738240740388, guid: 4d0f6418c92e4d146bc3f77c06428067, type: 3}
      propertyPath: m_LocalEulerAnglesHint.z
      value: 0
      objectReference: {fileID: 0}
    - target: {fileID: 4921738240740388, guid: 4d0f6418c92e4d146bc3f77c06428067, type: 3}
      propertyPath: m_LocalScale.x
      value: 1.2437298
      objectReference: {fileID: 0}
    - target: {fileID: 4921738240740388, guid: 4d0f6418c92e4d146bc3f77c06428067, type: 3}
      propertyPath: m_LocalScale.y
      value: 1.24373
      objectReference: {fileID: 0}
    m_RemovedComponents: []
  m_SourcePrefab: {fileID: 100100000, guid: 4d0f6418c92e4d146bc3f77c06428067, type: 3}
--- !u!4 &696187891596087788 stripped
Transform:
  m_CorrespondingSourceObject: {fileID: 4921738240740388, guid: 4d0f6418c92e4d146bc3f77c06428067,
    type: 3}
  m_PrefabInstance: {fileID: 700353145318350280}
  m_PrefabAsset: {fileID: 0}
--- !u!1001 &1057486515062048225
PrefabInstance:
  m_ObjectHideFlags: 0
  serializedVersion: 2
  m_Modification:
    m_TransformParent: {fileID: 4355535938274121455}
    m_Modifications:
    - target: {fileID: 1385107517405480103, guid: 2e6308f9a616d3244ac04ae55d3a40af,
        type: 3}
      propertyPath: m_Name
      value: 12m_Tile_Trim
      objectReference: {fileID: 0}
    - target: {fileID: 3691781510746005849, guid: 2e6308f9a616d3244ac04ae55d3a40af,
        type: 3}
      propertyPath: m_LocalPosition.x
      value: 3
      objectReference: {fileID: 0}
    - target: {fileID: 3691781510746005849, guid: 2e6308f9a616d3244ac04ae55d3a40af,
        type: 3}
      propertyPath: m_LocalPosition.y
      value: 0
      objectReference: {fileID: 0}
    - target: {fileID: 3691781510746005849, guid: 2e6308f9a616d3244ac04ae55d3a40af,
        type: 3}
      propertyPath: m_LocalPosition.z
      value: 0
      objectReference: {fileID: 0}
    - target: {fileID: 3691781510746005849, guid: 2e6308f9a616d3244ac04ae55d3a40af,
        type: 3}
      propertyPath: m_LocalRotation.x
      value: -0
      objectReference: {fileID: 0}
    - target: {fileID: 3691781510746005849, guid: 2e6308f9a616d3244ac04ae55d3a40af,
        type: 3}
      propertyPath: m_LocalRotation.y
      value: -0
      objectReference: {fileID: 0}
    - target: {fileID: 3691781510746005849, guid: 2e6308f9a616d3244ac04ae55d3a40af,
        type: 3}
      propertyPath: m_LocalRotation.z
      value: -0
      objectReference: {fileID: 0}
    - target: {fileID: 3691781510746005849, guid: 2e6308f9a616d3244ac04ae55d3a40af,
        type: 3}
      propertyPath: m_LocalRotation.w
      value: 1
      objectReference: {fileID: 0}
    - target: {fileID: 3691781510746005849, guid: 2e6308f9a616d3244ac04ae55d3a40af,
        type: 3}
      propertyPath: m_RootOrder
      value: 2
      objectReference: {fileID: 0}
    - target: {fileID: 3691781510746005849, guid: 2e6308f9a616d3244ac04ae55d3a40af,
        type: 3}
      propertyPath: m_LocalEulerAnglesHint.x
      value: 0
      objectReference: {fileID: 0}
    - target: {fileID: 3691781510746005849, guid: 2e6308f9a616d3244ac04ae55d3a40af,
        type: 3}
      propertyPath: m_LocalEulerAnglesHint.y
      value: 0
      objectReference: {fileID: 0}
    - target: {fileID: 3691781510746005849, guid: 2e6308f9a616d3244ac04ae55d3a40af,
        type: 3}
      propertyPath: m_LocalEulerAnglesHint.z
      value: 0
      objectReference: {fileID: 0}
    m_RemovedComponents: []
  m_SourcePrefab: {fileID: 100100000, guid: 2e6308f9a616d3244ac04ae55d3a40af, type: 3}
--- !u!4 &4438057569945445560 stripped
Transform:
  m_CorrespondingSourceObject: {fileID: 3691781510746005849, guid: 2e6308f9a616d3244ac04ae55d3a40af,
    type: 3}
  m_PrefabInstance: {fileID: 1057486515062048225}
  m_PrefabAsset: {fileID: 0}
--- !u!1001 &1113971861158858591
PrefabInstance:
  m_ObjectHideFlags: 0
  serializedVersion: 2
  m_Modification:
    m_TransformParent: {fileID: 3538327539241429624}
    m_Modifications:
    - target: {fileID: 1815078820708826, guid: 4d0f6418c92e4d146bc3f77c06428067, type: 3}
      propertyPath: m_Name
      value: Debris_4_Decal
      objectReference: {fileID: 0}
    - target: {fileID: 4921738240740388, guid: 4d0f6418c92e4d146bc3f77c06428067, type: 3}
      propertyPath: m_LocalPosition.x
      value: -3.52
      objectReference: {fileID: 0}
    - target: {fileID: 4921738240740388, guid: 4d0f6418c92e4d146bc3f77c06428067, type: 3}
      propertyPath: m_LocalPosition.y
      value: 0.01
      objectReference: {fileID: 0}
    - target: {fileID: 4921738240740388, guid: 4d0f6418c92e4d146bc3f77c06428067, type: 3}
      propertyPath: m_LocalPosition.z
      value: -6.681
      objectReference: {fileID: 0}
    - target: {fileID: 4921738240740388, guid: 4d0f6418c92e4d146bc3f77c06428067, type: 3}
      propertyPath: m_LocalRotation.x
      value: -0
      objectReference: {fileID: 0}
    - target: {fileID: 4921738240740388, guid: 4d0f6418c92e4d146bc3f77c06428067, type: 3}
      propertyPath: m_LocalRotation.y
      value: -0.70710987
      objectReference: {fileID: 0}
    - target: {fileID: 4921738240740388, guid: 4d0f6418c92e4d146bc3f77c06428067, type: 3}
      propertyPath: m_LocalRotation.z
      value: -0
      objectReference: {fileID: 0}
    - target: {fileID: 4921738240740388, guid: 4d0f6418c92e4d146bc3f77c06428067, type: 3}
      propertyPath: m_LocalRotation.w
      value: -0.7071038
      objectReference: {fileID: 0}
    - target: {fileID: 4921738240740388, guid: 4d0f6418c92e4d146bc3f77c06428067, type: 3}
      propertyPath: m_RootOrder
      value: 2
      objectReference: {fileID: 0}
    - target: {fileID: 4921738240740388, guid: 4d0f6418c92e4d146bc3f77c06428067, type: 3}
      propertyPath: m_LocalEulerAnglesHint.x
      value: 0
      objectReference: {fileID: 0}
    - target: {fileID: 4921738240740388, guid: 4d0f6418c92e4d146bc3f77c06428067, type: 3}
      propertyPath: m_LocalEulerAnglesHint.y
      value: -270
      objectReference: {fileID: 0}
    - target: {fileID: 4921738240740388, guid: 4d0f6418c92e4d146bc3f77c06428067, type: 3}
      propertyPath: m_LocalEulerAnglesHint.z
      value: 0
      objectReference: {fileID: 0}
    - target: {fileID: 4921738240740388, guid: 4d0f6418c92e4d146bc3f77c06428067, type: 3}
      propertyPath: m_LocalScale.x
      value: 1.2437298
      objectReference: {fileID: 0}
    - target: {fileID: 4921738240740388, guid: 4d0f6418c92e4d146bc3f77c06428067, type: 3}
      propertyPath: m_LocalScale.y
      value: 1.24373
      objectReference: {fileID: 0}
    m_RemovedComponents: []
  m_SourcePrefab: {fileID: 100100000, guid: 4d0f6418c92e4d146bc3f77c06428067, type: 3}
--- !u!4 &1109261865124610939 stripped
Transform:
  m_CorrespondingSourceObject: {fileID: 4921738240740388, guid: 4d0f6418c92e4d146bc3f77c06428067,
    type: 3}
  m_PrefabInstance: {fileID: 1113971861158858591}
  m_PrefabAsset: {fileID: 0}
--- !u!1001 &1418625250205364273
PrefabInstance:
  m_ObjectHideFlags: 0
  serializedVersion: 2
  m_Modification:
    m_TransformParent: {fileID: 1912672975105037160}
    m_Modifications:
    - target: {fileID: 871629374184926870, guid: d5646732159d1a547a5b99a6eb2f4efe,
        type: 3}
      propertyPath: m_Name
      value: 6x12m_Arched
      objectReference: {fileID: 0}
    - target: {fileID: 871629374184926871, guid: d5646732159d1a547a5b99a6eb2f4efe,
        type: 3}
      propertyPath: m_LocalPosition.x
      value: 3
      objectReference: {fileID: 0}
    - target: {fileID: 871629374184926871, guid: d5646732159d1a547a5b99a6eb2f4efe,
        type: 3}
      propertyPath: m_LocalPosition.y
      value: 0
      objectReference: {fileID: 0}
    - target: {fileID: 871629374184926871, guid: d5646732159d1a547a5b99a6eb2f4efe,
        type: 3}
      propertyPath: m_LocalPosition.z
      value: 0
      objectReference: {fileID: 0}
    - target: {fileID: 871629374184926871, guid: d5646732159d1a547a5b99a6eb2f4efe,
        type: 3}
      propertyPath: m_LocalRotation.x
      value: -0
      objectReference: {fileID: 0}
    - target: {fileID: 871629374184926871, guid: d5646732159d1a547a5b99a6eb2f4efe,
        type: 3}
      propertyPath: m_LocalRotation.y
      value: -0
      objectReference: {fileID: 0}
    - target: {fileID: 871629374184926871, guid: d5646732159d1a547a5b99a6eb2f4efe,
        type: 3}
      propertyPath: m_LocalRotation.z
      value: -0
      objectReference: {fileID: 0}
    - target: {fileID: 871629374184926871, guid: d5646732159d1a547a5b99a6eb2f4efe,
        type: 3}
      propertyPath: m_LocalRotation.w
      value: 1
      objectReference: {fileID: 0}
    - target: {fileID: 871629374184926871, guid: d5646732159d1a547a5b99a6eb2f4efe,
        type: 3}
      propertyPath: m_RootOrder
      value: 0
      objectReference: {fileID: 0}
    - target: {fileID: 871629374184926871, guid: d5646732159d1a547a5b99a6eb2f4efe,
        type: 3}
      propertyPath: m_LocalEulerAnglesHint.x
      value: 0
      objectReference: {fileID: 0}
    - target: {fileID: 871629374184926871, guid: d5646732159d1a547a5b99a6eb2f4efe,
        type: 3}
      propertyPath: m_LocalEulerAnglesHint.y
      value: 0
      objectReference: {fileID: 0}
    - target: {fileID: 871629374184926871, guid: d5646732159d1a547a5b99a6eb2f4efe,
        type: 3}
      propertyPath: m_LocalEulerAnglesHint.z
      value: 0
      objectReference: {fileID: 0}
    m_RemovedComponents: []
  m_SourcePrefab: {fileID: 100100000, guid: d5646732159d1a547a5b99a6eb2f4efe, type: 3}
--- !u!4 &2285399145876643494 stripped
Transform:
  m_CorrespondingSourceObject: {fileID: 871629374184926871, guid: d5646732159d1a547a5b99a6eb2f4efe,
    type: 3}
  m_PrefabInstance: {fileID: 1418625250205364273}
  m_PrefabAsset: {fileID: 0}
--- !u!1001 &2273009191290235195
PrefabInstance:
  m_ObjectHideFlags: 0
  serializedVersion: 2
  m_Modification:
    m_TransformParent: {fileID: 4355535938274121455}
    m_Modifications:
    - target: {fileID: 7060834872996423399, guid: 95fd84984c221404196be5e6b73cf03d,
        type: 3}
      propertyPath: m_LocalPosition.x
      value: -3
      objectReference: {fileID: 0}
    - target: {fileID: 7060834872996423399, guid: 95fd84984c221404196be5e6b73cf03d,
        type: 3}
      propertyPath: m_LocalPosition.y
      value: 0
      objectReference: {fileID: 0}
    - target: {fileID: 7060834872996423399, guid: 95fd84984c221404196be5e6b73cf03d,
        type: 3}
      propertyPath: m_LocalPosition.z
      value: -12
      objectReference: {fileID: 0}
    - target: {fileID: 7060834872996423399, guid: 95fd84984c221404196be5e6b73cf03d,
        type: 3}
      propertyPath: m_LocalRotation.x
      value: -0
      objectReference: {fileID: 0}
    - target: {fileID: 7060834872996423399, guid: 95fd84984c221404196be5e6b73cf03d,
        type: 3}
      propertyPath: m_LocalRotation.y
      value: 1
      objectReference: {fileID: 0}
    - target: {fileID: 7060834872996423399, guid: 95fd84984c221404196be5e6b73cf03d,
        type: 3}
      propertyPath: m_LocalRotation.z
      value: -0
      objectReference: {fileID: 0}
    - target: {fileID: 7060834872996423399, guid: 95fd84984c221404196be5e6b73cf03d,
        type: 3}
      propertyPath: m_LocalRotation.w
      value: 0
      objectReference: {fileID: 0}
    - target: {fileID: 7060834872996423399, guid: 95fd84984c221404196be5e6b73cf03d,
        type: 3}
      propertyPath: m_RootOrder
      value: 1
      objectReference: {fileID: 0}
    - target: {fileID: 7060834872996423399, guid: 95fd84984c221404196be5e6b73cf03d,
        type: 3}
      propertyPath: m_LocalEulerAnglesHint.x
      value: 0
      objectReference: {fileID: 0}
    - target: {fileID: 7060834872996423399, guid: 95fd84984c221404196be5e6b73cf03d,
        type: 3}
      propertyPath: m_LocalEulerAnglesHint.y
      value: 180
      objectReference: {fileID: 0}
    - target: {fileID: 7060834872996423399, guid: 95fd84984c221404196be5e6b73cf03d,
        type: 3}
      propertyPath: m_LocalEulerAnglesHint.z
      value: 0
      objectReference: {fileID: 0}
    - target: {fileID: 8355511217358611732, guid: 95fd84984c221404196be5e6b73cf03d,
        type: 3}
      propertyPath: m_Name
      value: 12m_Rope_Trim (1)
      objectReference: {fileID: 0}
    m_RemovedComponents: []
  m_SourcePrefab: {fileID: 100100000, guid: 95fd84984c221404196be5e6b73cf03d, type: 3}
--- !u!4 &9112548107675570140 stripped
Transform:
  m_CorrespondingSourceObject: {fileID: 7060834872996423399, guid: 95fd84984c221404196be5e6b73cf03d,
    type: 3}
  m_PrefabInstance: {fileID: 2273009191290235195}
  m_PrefabAsset: {fileID: 0}
--- !u!1001 &3197327904834391951
PrefabInstance:
  m_ObjectHideFlags: 0
  serializedVersion: 2
  m_Modification:
    m_TransformParent: {fileID: 9222162601946730234}
    m_Modifications:
    - target: {fileID: 1443097003012676, guid: 2cc10fd37584a4541975fedaff98eac1, type: 3}
      propertyPath: m_Name
      value: iron_props_chandelier_assembly
      objectReference: {fileID: 0}
    - target: {fileID: 4193439345882706, guid: 2cc10fd37584a4541975fedaff98eac1, type: 3}
      propertyPath: m_LocalPosition.x
      value: 0
      objectReference: {fileID: 0}
    - target: {fileID: 4193439345882706, guid: 2cc10fd37584a4541975fedaff98eac1, type: 3}
      propertyPath: m_LocalPosition.y
      value: 6.5
      objectReference: {fileID: 0}
    - target: {fileID: 4193439345882706, guid: 2cc10fd37584a4541975fedaff98eac1, type: 3}
      propertyPath: m_LocalPosition.z
      value: -6
      objectReference: {fileID: 0}
    - target: {fileID: 4193439345882706, guid: 2cc10fd37584a4541975fedaff98eac1, type: 3}
      propertyPath: m_LocalRotation.x
      value: -0
      objectReference: {fileID: 0}
    - target: {fileID: 4193439345882706, guid: 2cc10fd37584a4541975fedaff98eac1, type: 3}
      propertyPath: m_LocalRotation.y
      value: -0
      objectReference: {fileID: 0}
    - target: {fileID: 4193439345882706, guid: 2cc10fd37584a4541975fedaff98eac1, type: 3}
      propertyPath: m_LocalRotation.z
      value: -0
      objectReference: {fileID: 0}
    - target: {fileID: 4193439345882706, guid: 2cc10fd37584a4541975fedaff98eac1, type: 3}
      propertyPath: m_LocalRotation.w
      value: 1
      objectReference: {fileID: 0}
    - target: {fileID: 4193439345882706, guid: 2cc10fd37584a4541975fedaff98eac1, type: 3}
      propertyPath: m_RootOrder
      value: 0
      objectReference: {fileID: 0}
    - target: {fileID: 4193439345882706, guid: 2cc10fd37584a4541975fedaff98eac1, type: 3}
      propertyPath: m_LocalEulerAnglesHint.x
      value: 0
      objectReference: {fileID: 0}
    - target: {fileID: 4193439345882706, guid: 2cc10fd37584a4541975fedaff98eac1, type: 3}
      propertyPath: m_LocalEulerAnglesHint.y
      value: 0
      objectReference: {fileID: 0}
    - target: {fileID: 4193439345882706, guid: 2cc10fd37584a4541975fedaff98eac1, type: 3}
      propertyPath: m_LocalEulerAnglesHint.z
      value: 0
      objectReference: {fileID: 0}
    m_RemovedComponents: []
  m_SourcePrefab: {fileID: 100100000, guid: 2cc10fd37584a4541975fedaff98eac1, type: 3}
--- !u!4 &3193567957628238301 stripped
Transform:
  m_CorrespondingSourceObject: {fileID: 4193439345882706, guid: 2cc10fd37584a4541975fedaff98eac1,
    type: 3}
  m_PrefabInstance: {fileID: 3197327904834391951}
  m_PrefabAsset: {fileID: 0}
--- !u!1001 &4140320032560839833
PrefabInstance:
  m_ObjectHideFlags: 0
  serializedVersion: 2
  m_Modification:
    m_TransformParent: {fileID: 3538327539241429624}
    m_Modifications:
    - target: {fileID: 1165528534935938, guid: 32ef3408cf46e044587a57b62ec85604, type: 3}
      propertyPath: m_Name
      value: Debris_3_Decal (2)
      objectReference: {fileID: 0}
    - target: {fileID: 4150091798702738, guid: 32ef3408cf46e044587a57b62ec85604, type: 3}
      propertyPath: m_LocalPosition.x
      value: 2.764
      objectReference: {fileID: 0}
    - target: {fileID: 4150091798702738, guid: 32ef3408cf46e044587a57b62ec85604, type: 3}
      propertyPath: m_LocalPosition.y
      value: 0.01
      objectReference: {fileID: 0}
    - target: {fileID: 4150091798702738, guid: 32ef3408cf46e044587a57b62ec85604, type: 3}
      propertyPath: m_LocalPosition.z
      value: -10.576
      objectReference: {fileID: 0}
    - target: {fileID: 4150091798702738, guid: 32ef3408cf46e044587a57b62ec85604, type: 3}
      propertyPath: m_LocalRotation.x
      value: -0
      objectReference: {fileID: 0}
    - target: {fileID: 4150091798702738, guid: 32ef3408cf46e044587a57b62ec85604, type: 3}
      propertyPath: m_LocalRotation.y
      value: 0.7071058
      objectReference: {fileID: 0}
    - target: {fileID: 4150091798702738, guid: 32ef3408cf46e044587a57b62ec85604, type: 3}
      propertyPath: m_LocalRotation.z
      value: -0
      objectReference: {fileID: 0}
    - target: {fileID: 4150091798702738, guid: 32ef3408cf46e044587a57b62ec85604, type: 3}
      propertyPath: m_LocalRotation.w
      value: 0.70710784
      objectReference: {fileID: 0}
    - target: {fileID: 4150091798702738, guid: 32ef3408cf46e044587a57b62ec85604, type: 3}
      propertyPath: m_RootOrder
      value: 5
      objectReference: {fileID: 0}
    - target: {fileID: 4150091798702738, guid: 32ef3408cf46e044587a57b62ec85604, type: 3}
      propertyPath: m_LocalEulerAnglesHint.x
      value: 0
      objectReference: {fileID: 0}
    - target: {fileID: 4150091798702738, guid: 32ef3408cf46e044587a57b62ec85604, type: 3}
      propertyPath: m_LocalEulerAnglesHint.y
      value: 90.00001
      objectReference: {fileID: 0}
    - target: {fileID: 4150091798702738, guid: 32ef3408cf46e044587a57b62ec85604, type: 3}
      propertyPath: m_LocalEulerAnglesHint.z
      value: 0
      objectReference: {fileID: 0}
    - target: {fileID: 4150091798702738, guid: 32ef3408cf46e044587a57b62ec85604, type: 3}
      propertyPath: m_LocalScale.x
      value: 0.870612
      objectReference: {fileID: 0}
    - target: {fileID: 4150091798702738, guid: 32ef3408cf46e044587a57b62ec85604, type: 3}
      propertyPath: m_LocalScale.y
      value: 0.870612
      objectReference: {fileID: 0}
    - target: {fileID: 4150091798702738, guid: 32ef3408cf46e044587a57b62ec85604, type: 3}
      propertyPath: m_LocalScale.z
      value: 0.6999998
      objectReference: {fileID: 0}
    m_RemovedComponents: []
  m_SourcePrefab: {fileID: 100100000, guid: 32ef3408cf46e044587a57b62ec85604, type: 3}
--- !u!4 &4142152078661948939 stripped
Transform:
  m_CorrespondingSourceObject: {fileID: 4150091798702738, guid: 32ef3408cf46e044587a57b62ec85604,
    type: 3}
  m_PrefabInstance: {fileID: 4140320032560839833}
  m_PrefabAsset: {fileID: 0}
--- !u!1001 &4552312796154314131
PrefabInstance:
  m_ObjectHideFlags: 0
  serializedVersion: 2
  m_Modification:
    m_TransformParent: {fileID: 3538327539241429624}
    m_Modifications:
    - target: {fileID: 1815078820708826, guid: 4d0f6418c92e4d146bc3f77c06428067, type: 3}
      propertyPath: m_Name
      value: Debris_4_Decal (2)
      objectReference: {fileID: 0}
    - target: {fileID: 4921738240740388, guid: 4d0f6418c92e4d146bc3f77c06428067, type: 3}
      propertyPath: m_LocalPosition.x
      value: -3.52
      objectReference: {fileID: 0}
    - target: {fileID: 4921738240740388, guid: 4d0f6418c92e4d146bc3f77c06428067, type: 3}
      propertyPath: m_LocalPosition.y
      value: 0.01
      objectReference: {fileID: 0}
    - target: {fileID: 4921738240740388, guid: 4d0f6418c92e4d146bc3f77c06428067, type: 3}
      propertyPath: m_LocalPosition.z
      value: -1.44
      objectReference: {fileID: 0}
    - target: {fileID: 4921738240740388, guid: 4d0f6418c92e4d146bc3f77c06428067, type: 3}
      propertyPath: m_LocalRotation.x
      value: -0
      objectReference: {fileID: 0}
    - target: {fileID: 4921738240740388, guid: 4d0f6418c92e4d146bc3f77c06428067, type: 3}
      propertyPath: m_LocalRotation.y
      value: -0.70710987
      objectReference: {fileID: 0}
    - target: {fileID: 4921738240740388, guid: 4d0f6418c92e4d146bc3f77c06428067, type: 3}
      propertyPath: m_LocalRotation.z
      value: -0
      objectReference: {fileID: 0}
    - target: {fileID: 4921738240740388, guid: 4d0f6418c92e4d146bc3f77c06428067, type: 3}
      propertyPath: m_LocalRotation.w
      value: -0.7071038
      objectReference: {fileID: 0}
    - target: {fileID: 4921738240740388, guid: 4d0f6418c92e4d146bc3f77c06428067, type: 3}
      propertyPath: m_RootOrder
      value: 4
      objectReference: {fileID: 0}
    - target: {fileID: 4921738240740388, guid: 4d0f6418c92e4d146bc3f77c06428067, type: 3}
      propertyPath: m_LocalEulerAnglesHint.x
      value: 0
      objectReference: {fileID: 0}
    - target: {fileID: 4921738240740388, guid: 4d0f6418c92e4d146bc3f77c06428067, type: 3}
      propertyPath: m_LocalEulerAnglesHint.y
      value: -270
      objectReference: {fileID: 0}
    - target: {fileID: 4921738240740388, guid: 4d0f6418c92e4d146bc3f77c06428067, type: 3}
      propertyPath: m_LocalEulerAnglesHint.z
      value: 0
      objectReference: {fileID: 0}
    - target: {fileID: 4921738240740388, guid: 4d0f6418c92e4d146bc3f77c06428067, type: 3}
      propertyPath: m_LocalScale.x
      value: 1.2437298
      objectReference: {fileID: 0}
    - target: {fileID: 4921738240740388, guid: 4d0f6418c92e4d146bc3f77c06428067, type: 3}
      propertyPath: m_LocalScale.y
      value: 1.24373
      objectReference: {fileID: 0}
    m_RemovedComponents: []
  m_SourcePrefab: {fileID: 100100000, guid: 4d0f6418c92e4d146bc3f77c06428067, type: 3}
--- !u!4 &4556635760622203319 stripped
Transform:
  m_CorrespondingSourceObject: {fileID: 4921738240740388, guid: 4d0f6418c92e4d146bc3f77c06428067,
    type: 3}
  m_PrefabInstance: {fileID: 4552312796154314131}
  m_PrefabAsset: {fileID: 0}
--- !u!1001 &4770755504545381776
PrefabInstance:
  m_ObjectHideFlags: 0
  serializedVersion: 2
  m_Modification:
    m_TransformParent: {fileID: 3088867876567300666}
    m_Modifications:
    - target: {fileID: 1826062967873606, guid: 870a8f37d4956ee4aa13964e90421b49, type: 3}
      propertyPath: m_Name
      value: torch_assembly
      objectReference: {fileID: 0}
    - target: {fileID: 4896317773193978, guid: 870a8f37d4956ee4aa13964e90421b49, type: 3}
      propertyPath: m_LocalPosition.x
      value: 3
      objectReference: {fileID: 0}
    - target: {fileID: 4896317773193978, guid: 870a8f37d4956ee4aa13964e90421b49, type: 3}
      propertyPath: m_LocalPosition.y
      value: 3
      objectReference: {fileID: 0}
    - target: {fileID: 4896317773193978, guid: 870a8f37d4956ee4aa13964e90421b49, type: 3}
      propertyPath: m_LocalPosition.z
      value: -6
      objectReference: {fileID: 0}
    - target: {fileID: 4896317773193978, guid: 870a8f37d4956ee4aa13964e90421b49, type: 3}
      propertyPath: m_LocalRotation.x
      value: 0
      objectReference: {fileID: 0}
    - target: {fileID: 4896317773193978, guid: 870a8f37d4956ee4aa13964e90421b49, type: 3}
      propertyPath: m_LocalRotation.y
      value: 1
      objectReference: {fileID: 0}
    - target: {fileID: 4896317773193978, guid: 870a8f37d4956ee4aa13964e90421b49, type: 3}
      propertyPath: m_LocalRotation.z
      value: 0
      objectReference: {fileID: 0}
    - target: {fileID: 4896317773193978, guid: 870a8f37d4956ee4aa13964e90421b49, type: 3}
      propertyPath: m_LocalRotation.w
      value: 0
      objectReference: {fileID: 0}
    - target: {fileID: 4896317773193978, guid: 870a8f37d4956ee4aa13964e90421b49, type: 3}
      propertyPath: m_RootOrder
      value: 0
      objectReference: {fileID: 0}
    - target: {fileID: 4896317773193978, guid: 870a8f37d4956ee4aa13964e90421b49, type: 3}
      propertyPath: m_LocalEulerAnglesHint.x
      value: 0
      objectReference: {fileID: 0}
    - target: {fileID: 4896317773193978, guid: 870a8f37d4956ee4aa13964e90421b49, type: 3}
      propertyPath: m_LocalEulerAnglesHint.y
      value: 180
      objectReference: {fileID: 0}
    - target: {fileID: 4896317773193978, guid: 870a8f37d4956ee4aa13964e90421b49, type: 3}
      propertyPath: m_LocalEulerAnglesHint.z
      value: 0
      objectReference: {fileID: 0}
    - target: {fileID: 4896317773193978, guid: 870a8f37d4956ee4aa13964e90421b49, type: 3}
      propertyPath: m_LocalScale.x
      value: 1.5
      objectReference: {fileID: 0}
    - target: {fileID: 4896317773193978, guid: 870a8f37d4956ee4aa13964e90421b49, type: 3}
      propertyPath: m_LocalScale.y
      value: 1.5
      objectReference: {fileID: 0}
    - target: {fileID: 4896317773193978, guid: 870a8f37d4956ee4aa13964e90421b49, type: 3}
      propertyPath: m_LocalScale.z
      value: 1.5
      objectReference: {fileID: 0}
    m_RemovedComponents: []
  m_SourcePrefab: {fileID: 100100000, guid: 870a8f37d4956ee4aa13964e90421b49, type: 3}
--- !u!4 &4766011228650643306 stripped
Transform:
  m_CorrespondingSourceObject: {fileID: 4896317773193978, guid: 870a8f37d4956ee4aa13964e90421b49,
    type: 3}
  m_PrefabInstance: {fileID: 4770755504545381776}
  m_PrefabAsset: {fileID: 0}
--- !u!1001 &5386499221536034542
PrefabInstance:
  m_ObjectHideFlags: 0
  serializedVersion: 2
  m_Modification:
    m_TransformParent: {fileID: 3538327539241429624}
    m_Modifications:
    - target: {fileID: 1815078820708826, guid: 4d0f6418c92e4d146bc3f77c06428067, type: 3}
      propertyPath: m_Name
      value: Debris_4_Decal (3)
      objectReference: {fileID: 0}
    - target: {fileID: 4921738240740388, guid: 4d0f6418c92e4d146bc3f77c06428067, type: 3}
      propertyPath: m_LocalPosition.x
      value: 3.35
      objectReference: {fileID: 0}
    - target: {fileID: 4921738240740388, guid: 4d0f6418c92e4d146bc3f77c06428067, type: 3}
      propertyPath: m_LocalPosition.y
      value: 0.01
      objectReference: {fileID: 0}
    - target: {fileID: 4921738240740388, guid: 4d0f6418c92e4d146bc3f77c06428067, type: 3}
      propertyPath: m_LocalPosition.z
      value: -7.915
      objectReference: {fileID: 0}
    - target: {fileID: 4921738240740388, guid: 4d0f6418c92e4d146bc3f77c06428067, type: 3}
      propertyPath: m_LocalRotation.x
      value: -0
      objectReference: {fileID: 0}
    - target: {fileID: 4921738240740388, guid: 4d0f6418c92e4d146bc3f77c06428067, type: 3}
      propertyPath: m_LocalRotation.y
      value: -0.7071058
      objectReference: {fileID: 0}
    - target: {fileID: 4921738240740388, guid: 4d0f6418c92e4d146bc3f77c06428067, type: 3}
      propertyPath: m_LocalRotation.z
      value: -0
      objectReference: {fileID: 0}
    - target: {fileID: 4921738240740388, guid: 4d0f6418c92e4d146bc3f77c06428067, type: 3}
      propertyPath: m_LocalRotation.w
      value: 0.70710784
      objectReference: {fileID: 0}
    - target: {fileID: 4921738240740388, guid: 4d0f6418c92e4d146bc3f77c06428067, type: 3}
      propertyPath: m_RootOrder
      value: 6
      objectReference: {fileID: 0}
    - target: {fileID: 4921738240740388, guid: 4d0f6418c92e4d146bc3f77c06428067, type: 3}
      propertyPath: m_LocalEulerAnglesHint.x
      value: 0
      objectReference: {fileID: 0}
    - target: {fileID: 4921738240740388, guid: 4d0f6418c92e4d146bc3f77c06428067, type: 3}
      propertyPath: m_LocalEulerAnglesHint.y
      value: -90.00001
      objectReference: {fileID: 0}
    - target: {fileID: 4921738240740388, guid: 4d0f6418c92e4d146bc3f77c06428067, type: 3}
      propertyPath: m_LocalEulerAnglesHint.z
      value: 0
      objectReference: {fileID: 0}
    - target: {fileID: 4921738240740388, guid: 4d0f6418c92e4d146bc3f77c06428067, type: 3}
      propertyPath: m_LocalScale.x
      value: 1
      objectReference: {fileID: 0}
    - target: {fileID: 4921738240740388, guid: 4d0f6418c92e4d146bc3f77c06428067, type: 3}
      propertyPath: m_LocalScale.y
      value: 1
      objectReference: {fileID: 0}
    - target: {fileID: 4921738240740388, guid: 4d0f6418c92e4d146bc3f77c06428067, type: 3}
      propertyPath: m_LocalScale.z
      value: 1
      objectReference: {fileID: 0}
    m_RemovedComponents: []
  m_SourcePrefab: {fileID: 100100000, guid: 4d0f6418c92e4d146bc3f77c06428067, type: 3}
--- !u!4 &5391315404160664266 stripped
Transform:
  m_CorrespondingSourceObject: {fileID: 4921738240740388, guid: 4d0f6418c92e4d146bc3f77c06428067,
    type: 3}
  m_PrefabInstance: {fileID: 5386499221536034542}
  m_PrefabAsset: {fileID: 0}
--- !u!1001 &5463280756586761728
PrefabInstance:
  m_ObjectHideFlags: 0
  serializedVersion: 2
  m_Modification:
    m_TransformParent: {fileID: 7223684353126031730}
    m_Modifications:
    - target: {fileID: 1826062967873606, guid: 870a8f37d4956ee4aa13964e90421b49, type: 3}
      propertyPath: m_Name
      value: torch_assembly
      objectReference: {fileID: 0}
    - target: {fileID: 4896317773193978, guid: 870a8f37d4956ee4aa13964e90421b49, type: 3}
      propertyPath: m_LocalPosition.x
      value: 3
      objectReference: {fileID: 0}
    - target: {fileID: 4896317773193978, guid: 870a8f37d4956ee4aa13964e90421b49, type: 3}
      propertyPath: m_LocalPosition.y
      value: 3
      objectReference: {fileID: 0}
    - target: {fileID: 4896317773193978, guid: 870a8f37d4956ee4aa13964e90421b49, type: 3}
      propertyPath: m_LocalPosition.z
      value: -6
      objectReference: {fileID: 0}
    - target: {fileID: 4896317773193978, guid: 870a8f37d4956ee4aa13964e90421b49, type: 3}
      propertyPath: m_LocalRotation.x
      value: 0
      objectReference: {fileID: 0}
    - target: {fileID: 4896317773193978, guid: 870a8f37d4956ee4aa13964e90421b49, type: 3}
      propertyPath: m_LocalRotation.y
      value: 1
      objectReference: {fileID: 0}
    - target: {fileID: 4896317773193978, guid: 870a8f37d4956ee4aa13964e90421b49, type: 3}
      propertyPath: m_LocalRotation.z
      value: 0
      objectReference: {fileID: 0}
    - target: {fileID: 4896317773193978, guid: 870a8f37d4956ee4aa13964e90421b49, type: 3}
      propertyPath: m_LocalRotation.w
      value: 0
      objectReference: {fileID: 0}
    - target: {fileID: 4896317773193978, guid: 870a8f37d4956ee4aa13964e90421b49, type: 3}
      propertyPath: m_RootOrder
      value: 0
      objectReference: {fileID: 0}
    - target: {fileID: 4896317773193978, guid: 870a8f37d4956ee4aa13964e90421b49, type: 3}
      propertyPath: m_LocalEulerAnglesHint.x
      value: 0
      objectReference: {fileID: 0}
    - target: {fileID: 4896317773193978, guid: 870a8f37d4956ee4aa13964e90421b49, type: 3}
      propertyPath: m_LocalEulerAnglesHint.y
      value: 180
      objectReference: {fileID: 0}
    - target: {fileID: 4896317773193978, guid: 870a8f37d4956ee4aa13964e90421b49, type: 3}
      propertyPath: m_LocalEulerAnglesHint.z
      value: 0
      objectReference: {fileID: 0}
    - target: {fileID: 4896317773193978, guid: 870a8f37d4956ee4aa13964e90421b49, type: 3}
      propertyPath: m_LocalScale.x
      value: 1.5
      objectReference: {fileID: 0}
    - target: {fileID: 4896317773193978, guid: 870a8f37d4956ee4aa13964e90421b49, type: 3}
      propertyPath: m_LocalScale.y
      value: 1.5
      objectReference: {fileID: 0}
    - target: {fileID: 4896317773193978, guid: 870a8f37d4956ee4aa13964e90421b49, type: 3}
      propertyPath: m_LocalScale.z
      value: 1.5
      objectReference: {fileID: 0}
    m_RemovedComponents: []
  m_SourcePrefab: {fileID: 100100000, guid: 870a8f37d4956ee4aa13964e90421b49, type: 3}
--- !u!4 &5458395509662215418 stripped
Transform:
  m_CorrespondingSourceObject: {fileID: 4896317773193978, guid: 870a8f37d4956ee4aa13964e90421b49,
    type: 3}
  m_PrefabInstance: {fileID: 5463280756586761728}
  m_PrefabAsset: {fileID: 0}
--- !u!1001 &5476398089423634908
PrefabInstance:
  m_ObjectHideFlags: 0
  serializedVersion: 2
  m_Modification:
    m_TransformParent: {fileID: 3538327539241429624}
    m_Modifications:
    - target: {fileID: 1815078820708826, guid: 4d0f6418c92e4d146bc3f77c06428067, type: 3}
      propertyPath: m_Name
      value: Debris_4_Decal (4)
      objectReference: {fileID: 0}
    - target: {fileID: 4921738240740388, guid: 4d0f6418c92e4d146bc3f77c06428067, type: 3}
      propertyPath: m_LocalPosition.x
      value: 3.35
      objectReference: {fileID: 0}
    - target: {fileID: 4921738240740388, guid: 4d0f6418c92e4d146bc3f77c06428067, type: 3}
      propertyPath: m_LocalPosition.y
      value: 0.01
      objectReference: {fileID: 0}
    - target: {fileID: 4921738240740388, guid: 4d0f6418c92e4d146bc3f77c06428067, type: 3}
      propertyPath: m_LocalPosition.z
      value: -2.19
      objectReference: {fileID: 0}
    - target: {fileID: 4921738240740388, guid: 4d0f6418c92e4d146bc3f77c06428067, type: 3}
      propertyPath: m_LocalRotation.x
      value: -0
      objectReference: {fileID: 0}
    - target: {fileID: 4921738240740388, guid: 4d0f6418c92e4d146bc3f77c06428067, type: 3}
      propertyPath: m_LocalRotation.y
      value: -0.7071058
      objectReference: {fileID: 0}
    - target: {fileID: 4921738240740388, guid: 4d0f6418c92e4d146bc3f77c06428067, type: 3}
      propertyPath: m_LocalRotation.z
      value: -0
      objectReference: {fileID: 0}
    - target: {fileID: 4921738240740388, guid: 4d0f6418c92e4d146bc3f77c06428067, type: 3}
      propertyPath: m_LocalRotation.w
      value: 0.70710784
      objectReference: {fileID: 0}
    - target: {fileID: 4921738240740388, guid: 4d0f6418c92e4d146bc3f77c06428067, type: 3}
      propertyPath: m_RootOrder
      value: 8
      objectReference: {fileID: 0}
    - target: {fileID: 4921738240740388, guid: 4d0f6418c92e4d146bc3f77c06428067, type: 3}
      propertyPath: m_LocalEulerAnglesHint.x
      value: 0
      objectReference: {fileID: 0}
    - target: {fileID: 4921738240740388, guid: 4d0f6418c92e4d146bc3f77c06428067, type: 3}
      propertyPath: m_LocalEulerAnglesHint.y
      value: -90.00001
      objectReference: {fileID: 0}
    - target: {fileID: 4921738240740388, guid: 4d0f6418c92e4d146bc3f77c06428067, type: 3}
      propertyPath: m_LocalEulerAnglesHint.z
      value: 0
      objectReference: {fileID: 0}
    - target: {fileID: 4921738240740388, guid: 4d0f6418c92e4d146bc3f77c06428067, type: 3}
      propertyPath: m_LocalScale.x
      value: 1.2437298
      objectReference: {fileID: 0}
    - target: {fileID: 4921738240740388, guid: 4d0f6418c92e4d146bc3f77c06428067, type: 3}
      propertyPath: m_LocalScale.y
      value: 1.24373
      objectReference: {fileID: 0}
    - target: {fileID: 4921738240740388, guid: 4d0f6418c92e4d146bc3f77c06428067, type: 3}
      propertyPath: m_LocalScale.z
      value: 1
      objectReference: {fileID: 0}
    m_RemovedComponents: []
  m_SourcePrefab: {fileID: 100100000, guid: 4d0f6418c92e4d146bc3f77c06428067, type: 3}
--- !u!4 &5481284574019128824 stripped
Transform:
  m_CorrespondingSourceObject: {fileID: 4921738240740388, guid: 4d0f6418c92e4d146bc3f77c06428067,
    type: 3}
  m_PrefabInstance: {fileID: 5476398089423634908}
  m_PrefabAsset: {fileID: 0}
--- !u!1001 &5905699194263742871
PrefabInstance:
  m_ObjectHideFlags: 0
  serializedVersion: 2
  m_Modification:
    m_TransformParent: {fileID: 3538327539241429624}
    m_Modifications:
    - target: {fileID: 1165528534935938, guid: 32ef3408cf46e044587a57b62ec85604, type: 3}
      propertyPath: m_Name
      value: Debris_3_Decal (1)
      objectReference: {fileID: 0}
    - target: {fileID: 4150091798702738, guid: 32ef3408cf46e044587a57b62ec85604, type: 3}
      propertyPath: m_LocalPosition.x
      value: -3.236
      objectReference: {fileID: 0}
    - target: {fileID: 4150091798702738, guid: 32ef3408cf46e044587a57b62ec85604, type: 3}
      propertyPath: m_LocalPosition.y
      value: 0.01
      objectReference: {fileID: 0}
    - target: {fileID: 4150091798702738, guid: 32ef3408cf46e044587a57b62ec85604, type: 3}
      propertyPath: m_LocalPosition.z
      value: -9.492
      objectReference: {fileID: 0}
    - target: {fileID: 4150091798702738, guid: 32ef3408cf46e044587a57b62ec85604, type: 3}
      propertyPath: m_LocalRotation.x
      value: -0
      objectReference: {fileID: 0}
    - target: {fileID: 4150091798702738, guid: 32ef3408cf46e044587a57b62ec85604, type: 3}
      propertyPath: m_LocalRotation.y
      value: -0.7071059
      objectReference: {fileID: 0}
    - target: {fileID: 4150091798702738, guid: 32ef3408cf46e044587a57b62ec85604, type: 3}
      propertyPath: m_LocalRotation.z
      value: -0
      objectReference: {fileID: 0}
    - target: {fileID: 4150091798702738, guid: 32ef3408cf46e044587a57b62ec85604, type: 3}
      propertyPath: m_LocalRotation.w
      value: 0.7071078
      objectReference: {fileID: 0}
    - target: {fileID: 4150091798702738, guid: 32ef3408cf46e044587a57b62ec85604, type: 3}
      propertyPath: m_RootOrder
      value: 1
      objectReference: {fileID: 0}
    - target: {fileID: 4150091798702738, guid: 32ef3408cf46e044587a57b62ec85604, type: 3}
      propertyPath: m_LocalEulerAnglesHint.x
      value: 0
      objectReference: {fileID: 0}
    - target: {fileID: 4150091798702738, guid: 32ef3408cf46e044587a57b62ec85604, type: 3}
      propertyPath: m_LocalEulerAnglesHint.y
      value: -90.00001
      objectReference: {fileID: 0}
    - target: {fileID: 4150091798702738, guid: 32ef3408cf46e044587a57b62ec85604, type: 3}
      propertyPath: m_LocalEulerAnglesHint.z
      value: 0
      objectReference: {fileID: 0}
    - target: {fileID: 4150091798702738, guid: 32ef3408cf46e044587a57b62ec85604, type: 3}
      propertyPath: m_LocalScale.x
      value: 0.87061
      objectReference: {fileID: 0}
    - target: {fileID: 4150091798702738, guid: 32ef3408cf46e044587a57b62ec85604, type: 3}
      propertyPath: m_LocalScale.y
      value: 0.87061
      objectReference: {fileID: 0}
    - target: {fileID: 4150091798702738, guid: 32ef3408cf46e044587a57b62ec85604, type: 3}
      propertyPath: m_LocalScale.z
      value: 0.6999998
      objectReference: {fileID: 0}
    m_RemovedComponents: []
  m_SourcePrefab: {fileID: 100100000, guid: 32ef3408cf46e044587a57b62ec85604, type: 3}
--- !u!4 &5907592809016509189 stripped
Transform:
  m_CorrespondingSourceObject: {fileID: 4150091798702738, guid: 32ef3408cf46e044587a57b62ec85604,
    type: 3}
  m_PrefabInstance: {fileID: 5905699194263742871}
  m_PrefabAsset: {fileID: 0}
--- !u!1001 &6416807932004656989
PrefabInstance:
  m_ObjectHideFlags: 0
  serializedVersion: 2
  m_Modification:
    m_TransformParent: {fileID: 3538327539241429624}
    m_Modifications:
    - target: {fileID: 1165528534935938, guid: 32ef3408cf46e044587a57b62ec85604, type: 3}
      propertyPath: m_Name
      value: Debris_3_Decal (3)
      objectReference: {fileID: 0}
    - target: {fileID: 4150091798702738, guid: 32ef3408cf46e044587a57b62ec85604, type: 3}
      propertyPath: m_LocalPosition.x
      value: 3.22
      objectReference: {fileID: 0}
    - target: {fileID: 4150091798702738, guid: 32ef3408cf46e044587a57b62ec85604, type: 3}
      propertyPath: m_LocalPosition.y
      value: 0.01
      objectReference: {fileID: 0}
    - target: {fileID: 4150091798702738, guid: 32ef3408cf46e044587a57b62ec85604, type: 3}
      propertyPath: m_LocalPosition.z
      value: -4.84
      objectReference: {fileID: 0}
    - target: {fileID: 4150091798702738, guid: 32ef3408cf46e044587a57b62ec85604, type: 3}
      propertyPath: m_LocalRotation.x
      value: -0
      objectReference: {fileID: 0}
    - target: {fileID: 4150091798702738, guid: 32ef3408cf46e044587a57b62ec85604, type: 3}
      propertyPath: m_LocalRotation.y
      value: 0.7071058
      objectReference: {fileID: 0}
    - target: {fileID: 4150091798702738, guid: 32ef3408cf46e044587a57b62ec85604, type: 3}
      propertyPath: m_LocalRotation.z
      value: -0
      objectReference: {fileID: 0}
    - target: {fileID: 4150091798702738, guid: 32ef3408cf46e044587a57b62ec85604, type: 3}
      propertyPath: m_LocalRotation.w
      value: 0.70710784
      objectReference: {fileID: 0}
    - target: {fileID: 4150091798702738, guid: 32ef3408cf46e044587a57b62ec85604, type: 3}
      propertyPath: m_RootOrder
      value: 7
      objectReference: {fileID: 0}
    - target: {fileID: 4150091798702738, guid: 32ef3408cf46e044587a57b62ec85604, type: 3}
      propertyPath: m_LocalEulerAnglesHint.x
      value: 0
      objectReference: {fileID: 0}
    - target: {fileID: 4150091798702738, guid: 32ef3408cf46e044587a57b62ec85604, type: 3}
      propertyPath: m_LocalEulerAnglesHint.y
      value: 90.00001
      objectReference: {fileID: 0}
    - target: {fileID: 4150091798702738, guid: 32ef3408cf46e044587a57b62ec85604, type: 3}
      propertyPath: m_LocalEulerAnglesHint.z
      value: 0
      objectReference: {fileID: 0}
    - target: {fileID: 4150091798702738, guid: 32ef3408cf46e044587a57b62ec85604, type: 3}
      propertyPath: m_LocalScale.x
      value: 0.87061
      objectReference: {fileID: 0}
    - target: {fileID: 4150091798702738, guid: 32ef3408cf46e044587a57b62ec85604, type: 3}
      propertyPath: m_LocalScale.y
      value: 0.87061
      objectReference: {fileID: 0}
    - target: {fileID: 4150091798702738, guid: 32ef3408cf46e044587a57b62ec85604, type: 3}
      propertyPath: m_LocalScale.z
      value: 0.6999998
      objectReference: {fileID: 0}
    m_RemovedComponents: []
  m_SourcePrefab: {fileID: 100100000, guid: 32ef3408cf46e044587a57b62ec85604, type: 3}
--- !u!4 &6414157956601449935 stripped
Transform:
  m_CorrespondingSourceObject: {fileID: 4150091798702738, guid: 32ef3408cf46e044587a57b62ec85604,
    type: 3}
  m_PrefabInstance: {fileID: 6416807932004656989}
  m_PrefabAsset: {fileID: 0}
--- !u!1001 &6503344869144523304
PrefabInstance:
  m_ObjectHideFlags: 0
  serializedVersion: 2
  m_Modification:
    m_TransformParent: {fileID: 4355535938274121455}
    m_Modifications:
    - target: {fileID: 7060834872996423399, guid: 95fd84984c221404196be5e6b73cf03d,
        type: 3}
      propertyPath: m_LocalPosition.x
      value: 3
      objectReference: {fileID: 0}
    - target: {fileID: 7060834872996423399, guid: 95fd84984c221404196be5e6b73cf03d,
        type: 3}
      propertyPath: m_LocalPosition.y
      value: 0
      objectReference: {fileID: 0}
    - target: {fileID: 7060834872996423399, guid: 95fd84984c221404196be5e6b73cf03d,
        type: 3}
      propertyPath: m_LocalPosition.z
      value: 0
      objectReference: {fileID: 0}
    - target: {fileID: 7060834872996423399, guid: 95fd84984c221404196be5e6b73cf03d,
        type: 3}
      propertyPath: m_LocalRotation.x
      value: -0
      objectReference: {fileID: 0}
    - target: {fileID: 7060834872996423399, guid: 95fd84984c221404196be5e6b73cf03d,
        type: 3}
      propertyPath: m_LocalRotation.y
      value: -0
      objectReference: {fileID: 0}
    - target: {fileID: 7060834872996423399, guid: 95fd84984c221404196be5e6b73cf03d,
        type: 3}
      propertyPath: m_LocalRotation.z
      value: -0
      objectReference: {fileID: 0}
    - target: {fileID: 7060834872996423399, guid: 95fd84984c221404196be5e6b73cf03d,
        type: 3}
      propertyPath: m_LocalRotation.w
      value: 1
      objectReference: {fileID: 0}
    - target: {fileID: 7060834872996423399, guid: 95fd84984c221404196be5e6b73cf03d,
        type: 3}
      propertyPath: m_RootOrder
      value: 0
      objectReference: {fileID: 0}
    - target: {fileID: 7060834872996423399, guid: 95fd84984c221404196be5e6b73cf03d,
        type: 3}
      propertyPath: m_LocalEulerAnglesHint.x
      value: 0
      objectReference: {fileID: 0}
    - target: {fileID: 7060834872996423399, guid: 95fd84984c221404196be5e6b73cf03d,
        type: 3}
      propertyPath: m_LocalEulerAnglesHint.y
      value: 0
      objectReference: {fileID: 0}
    - target: {fileID: 7060834872996423399, guid: 95fd84984c221404196be5e6b73cf03d,
        type: 3}
      propertyPath: m_LocalEulerAnglesHint.z
      value: 0
      objectReference: {fileID: 0}
    - target: {fileID: 8355511217358611732, guid: 95fd84984c221404196be5e6b73cf03d,
        type: 3}
      propertyPath: m_Name
      value: 12m_Rope_Trim
      objectReference: {fileID: 0}
    m_RemovedComponents: []
  m_SourcePrefab: {fileID: 100100000, guid: 95fd84984c221404196be5e6b73cf03d, type: 3}
--- !u!4 &4304766538756625615 stripped
Transform:
  m_CorrespondingSourceObject: {fileID: 7060834872996423399, guid: 95fd84984c221404196be5e6b73cf03d,
    type: 3}
  m_PrefabInstance: {fileID: 6503344869144523304}
  m_PrefabAsset: {fileID: 0}
--- !u!1001 &6696246916805503869
PrefabInstance:
  m_ObjectHideFlags: 0
  serializedVersion: 2
  m_Modification:
    m_TransformParent: {fileID: 4355535938274121455}
    m_Modifications:
    - target: {fileID: 1385107517405480103, guid: 2e6308f9a616d3244ac04ae55d3a40af,
        type: 3}
      propertyPath: m_Name
      value: 12m_Tile_Trim (1)
      objectReference: {fileID: 0}
    - target: {fileID: 3691781510746005849, guid: 2e6308f9a616d3244ac04ae55d3a40af,
        type: 3}
      propertyPath: m_LocalPosition.x
      value: -3
      objectReference: {fileID: 0}
    - target: {fileID: 3691781510746005849, guid: 2e6308f9a616d3244ac04ae55d3a40af,
        type: 3}
      propertyPath: m_LocalPosition.y
      value: 0
      objectReference: {fileID: 0}
    - target: {fileID: 3691781510746005849, guid: 2e6308f9a616d3244ac04ae55d3a40af,
        type: 3}
      propertyPath: m_LocalPosition.z
      value: -12
      objectReference: {fileID: 0}
    - target: {fileID: 3691781510746005849, guid: 2e6308f9a616d3244ac04ae55d3a40af,
        type: 3}
      propertyPath: m_LocalRotation.x
      value: -0
      objectReference: {fileID: 0}
    - target: {fileID: 3691781510746005849, guid: 2e6308f9a616d3244ac04ae55d3a40af,
        type: 3}
      propertyPath: m_LocalRotation.y
      value: 1
      objectReference: {fileID: 0}
    - target: {fileID: 3691781510746005849, guid: 2e6308f9a616d3244ac04ae55d3a40af,
        type: 3}
      propertyPath: m_LocalRotation.z
      value: -0
      objectReference: {fileID: 0}
    - target: {fileID: 3691781510746005849, guid: 2e6308f9a616d3244ac04ae55d3a40af,
        type: 3}
      propertyPath: m_LocalRotation.w
      value: 0
      objectReference: {fileID: 0}
    - target: {fileID: 3691781510746005849, guid: 2e6308f9a616d3244ac04ae55d3a40af,
        type: 3}
      propertyPath: m_RootOrder
      value: 3
      objectReference: {fileID: 0}
    - target: {fileID: 3691781510746005849, guid: 2e6308f9a616d3244ac04ae55d3a40af,
        type: 3}
      propertyPath: m_LocalEulerAnglesHint.x
      value: 0
      objectReference: {fileID: 0}
    - target: {fileID: 3691781510746005849, guid: 2e6308f9a616d3244ac04ae55d3a40af,
        type: 3}
      propertyPath: m_LocalEulerAnglesHint.y
      value: 180
      objectReference: {fileID: 0}
    - target: {fileID: 3691781510746005849, guid: 2e6308f9a616d3244ac04ae55d3a40af,
        type: 3}
      propertyPath: m_LocalEulerAnglesHint.z
      value: 0
      objectReference: {fileID: 0}
    m_RemovedComponents: []
  m_SourcePrefab: {fileID: 100100000, guid: 2e6308f9a616d3244ac04ae55d3a40af, type: 3}
--- !u!4 &8058644727272163876 stripped
Transform:
  m_CorrespondingSourceObject: {fileID: 3691781510746005849, guid: 2e6308f9a616d3244ac04ae55d3a40af,
    type: 3}
  m_PrefabInstance: {fileID: 6696246916805503869}
  m_PrefabAsset: {fileID: 0}
--- !u!1001 &7658580642759659022
PrefabInstance:
  m_ObjectHideFlags: 0
  serializedVersion: 2
  m_Modification:
    m_TransformParent: {fileID: 3538327539241429624}
    m_Modifications:
    - target: {fileID: 1165528534935938, guid: 32ef3408cf46e044587a57b62ec85604, type: 3}
      propertyPath: m_Name
      value: Debris_3_Decal
      objectReference: {fileID: 0}
    - target: {fileID: 4150091798702738, guid: 32ef3408cf46e044587a57b62ec85604, type: 3}
      propertyPath: m_LocalPosition.x
      value: -3.0100002
      objectReference: {fileID: 0}
    - target: {fileID: 4150091798702738, guid: 32ef3408cf46e044587a57b62ec85604, type: 3}
      propertyPath: m_LocalPosition.y
      value: 0.01
      objectReference: {fileID: 0}
    - target: {fileID: 4150091798702738, guid: 32ef3408cf46e044587a57b62ec85604, type: 3}
      propertyPath: m_LocalPosition.z
      value: -11.236
      objectReference: {fileID: 0}
    - target: {fileID: 4150091798702738, guid: 32ef3408cf46e044587a57b62ec85604, type: 3}
      propertyPath: m_LocalRotation.x
      value: -0
      objectReference: {fileID: 0}
    - target: {fileID: 4150091798702738, guid: 32ef3408cf46e044587a57b62ec85604, type: 3}
      propertyPath: m_LocalRotation.y
      value: -0.7071059
      objectReference: {fileID: 0}
    - target: {fileID: 4150091798702738, guid: 32ef3408cf46e044587a57b62ec85604, type: 3}
      propertyPath: m_LocalRotation.z
      value: -0
      objectReference: {fileID: 0}
    - target: {fileID: 4150091798702738, guid: 32ef3408cf46e044587a57b62ec85604, type: 3}
      propertyPath: m_LocalRotation.w
      value: 0.7071078
      objectReference: {fileID: 0}
    - target: {fileID: 4150091798702738, guid: 32ef3408cf46e044587a57b62ec85604, type: 3}
      propertyPath: m_RootOrder
      value: 0
      objectReference: {fileID: 0}
    - target: {fileID: 4150091798702738, guid: 32ef3408cf46e044587a57b62ec85604, type: 3}
      propertyPath: m_LocalEulerAnglesHint.x
      value: 0
      objectReference: {fileID: 0}
    - target: {fileID: 4150091798702738, guid: 32ef3408cf46e044587a57b62ec85604, type: 3}
      propertyPath: m_LocalEulerAnglesHint.y
      value: -90.00001
      objectReference: {fileID: 0}
    - target: {fileID: 4150091798702738, guid: 32ef3408cf46e044587a57b62ec85604, type: 3}
      propertyPath: m_LocalEulerAnglesHint.z
      value: 0
      objectReference: {fileID: 0}
    - target: {fileID: 4150091798702738, guid: 32ef3408cf46e044587a57b62ec85604, type: 3}
      propertyPath: m_LocalScale.x
      value: 0.87061
      objectReference: {fileID: 0}
    - target: {fileID: 4150091798702738, guid: 32ef3408cf46e044587a57b62ec85604, type: 3}
      propertyPath: m_LocalScale.y
      value: 0.87061
      objectReference: {fileID: 0}
    - target: {fileID: 4150091798702738, guid: 32ef3408cf46e044587a57b62ec85604, type: 3}
      propertyPath: m_LocalScale.z
      value: 0.6999998
      objectReference: {fileID: 0}
    m_RemovedComponents: []
  m_SourcePrefab: {fileID: 100100000, guid: 32ef3408cf46e044587a57b62ec85604, type: 3}
--- !u!4 &7657809281746281628 stripped
Transform:
  m_CorrespondingSourceObject: {fileID: 4150091798702738, guid: 32ef3408cf46e044587a57b62ec85604,
    type: 3}
  m_PrefabInstance: {fileID: 7658580642759659022}
  m_PrefabAsset: {fileID: 0}
--- !u!1001 &8019800122186099708
PrefabInstance:
  m_ObjectHideFlags: 0
  serializedVersion: 2
  m_Modification:
    m_TransformParent: {fileID: 7223684353126031730}
    m_Modifications:
    - target: {fileID: 1826062967873606, guid: 870a8f37d4956ee4aa13964e90421b49, type: 3}
      propertyPath: m_Name
      value: torch_assembly (1)
      objectReference: {fileID: 0}
    - target: {fileID: 4896317773193978, guid: 870a8f37d4956ee4aa13964e90421b49, type: 3}
      propertyPath: m_LocalPosition.x
      value: -3
      objectReference: {fileID: 0}
    - target: {fileID: 4896317773193978, guid: 870a8f37d4956ee4aa13964e90421b49, type: 3}
      propertyPath: m_LocalPosition.y
      value: 3
      objectReference: {fileID: 0}
    - target: {fileID: 4896317773193978, guid: 870a8f37d4956ee4aa13964e90421b49, type: 3}
      propertyPath: m_LocalPosition.z
      value: -6
      objectReference: {fileID: 0}
    - target: {fileID: 4896317773193978, guid: 870a8f37d4956ee4aa13964e90421b49, type: 3}
      propertyPath: m_LocalRotation.x
      value: 0
      objectReference: {fileID: 0}
    - target: {fileID: 4896317773193978, guid: 870a8f37d4956ee4aa13964e90421b49, type: 3}
      propertyPath: m_LocalRotation.y
      value: 0
      objectReference: {fileID: 0}
    - target: {fileID: 4896317773193978, guid: 870a8f37d4956ee4aa13964e90421b49, type: 3}
      propertyPath: m_LocalRotation.z
      value: 0
      objectReference: {fileID: 0}
    - target: {fileID: 4896317773193978, guid: 870a8f37d4956ee4aa13964e90421b49, type: 3}
      propertyPath: m_LocalRotation.w
      value: 1
      objectReference: {fileID: 0}
    - target: {fileID: 4896317773193978, guid: 870a8f37d4956ee4aa13964e90421b49, type: 3}
      propertyPath: m_RootOrder
      value: 1
      objectReference: {fileID: 0}
    - target: {fileID: 4896317773193978, guid: 870a8f37d4956ee4aa13964e90421b49, type: 3}
      propertyPath: m_LocalEulerAnglesHint.x
      value: 0
      objectReference: {fileID: 0}
    - target: {fileID: 4896317773193978, guid: 870a8f37d4956ee4aa13964e90421b49, type: 3}
      propertyPath: m_LocalEulerAnglesHint.y
      value: 0
      objectReference: {fileID: 0}
    - target: {fileID: 4896317773193978, guid: 870a8f37d4956ee4aa13964e90421b49, type: 3}
      propertyPath: m_LocalEulerAnglesHint.z
      value: 0
      objectReference: {fileID: 0}
    - target: {fileID: 4896317773193978, guid: 870a8f37d4956ee4aa13964e90421b49, type: 3}
      propertyPath: m_LocalScale.x
      value: 1.5
      objectReference: {fileID: 0}
    - target: {fileID: 4896317773193978, guid: 870a8f37d4956ee4aa13964e90421b49, type: 3}
      propertyPath: m_LocalScale.y
      value: 1.5
      objectReference: {fileID: 0}
    - target: {fileID: 4896317773193978, guid: 870a8f37d4956ee4aa13964e90421b49, type: 3}
      propertyPath: m_LocalScale.z
      value: 1.5
      objectReference: {fileID: 0}
    m_RemovedComponents: []
  m_SourcePrefab: {fileID: 100100000, guid: 870a8f37d4956ee4aa13964e90421b49, type: 3}
--- !u!4 &8024685099081353478 stripped
Transform:
  m_CorrespondingSourceObject: {fileID: 4896317773193978, guid: 870a8f37d4956ee4aa13964e90421b49,
    type: 3}
  m_PrefabInstance: {fileID: 8019800122186099708}
  m_PrefabAsset: {fileID: 0}
--- !u!1001 &8444569275486592466
PrefabInstance:
  m_ObjectHideFlags: 0
  serializedVersion: 2
  m_Modification:
    m_TransformParent: {fileID: 2738498808187882847}
    m_Modifications:
    - target: {fileID: 638880829626853374, guid: 4dac14667892a3d4ba0d5a4605a3f100,
        type: 3}
      propertyPath: m_LocalPosition.x
      value: 3
      objectReference: {fileID: 0}
    - target: {fileID: 638880829626853374, guid: 4dac14667892a3d4ba0d5a4605a3f100,
        type: 3}
      propertyPath: m_LocalPosition.y
      value: 0
      objectReference: {fileID: 0}
    - target: {fileID: 638880829626853374, guid: 4dac14667892a3d4ba0d5a4605a3f100,
        type: 3}
      propertyPath: m_LocalPosition.z
      value: 0
      objectReference: {fileID: 0}
    - target: {fileID: 638880829626853374, guid: 4dac14667892a3d4ba0d5a4605a3f100,
        type: 3}
      propertyPath: m_LocalRotation.x
      value: -0
      objectReference: {fileID: 0}
    - target: {fileID: 638880829626853374, guid: 4dac14667892a3d4ba0d5a4605a3f100,
        type: 3}
      propertyPath: m_LocalRotation.y
      value: -0
      objectReference: {fileID: 0}
    - target: {fileID: 638880829626853374, guid: 4dac14667892a3d4ba0d5a4605a3f100,
        type: 3}
      propertyPath: m_LocalRotation.z
      value: -0
      objectReference: {fileID: 0}
    - target: {fileID: 638880829626853374, guid: 4dac14667892a3d4ba0d5a4605a3f100,
        type: 3}
      propertyPath: m_LocalRotation.w
      value: 1
      objectReference: {fileID: 0}
    - target: {fileID: 638880829626853374, guid: 4dac14667892a3d4ba0d5a4605a3f100,
        type: 3}
      propertyPath: m_RootOrder
      value: 0
      objectReference: {fileID: 0}
    - target: {fileID: 638880829626853374, guid: 4dac14667892a3d4ba0d5a4605a3f100,
        type: 3}
      propertyPath: m_LocalEulerAnglesHint.x
      value: 0
      objectReference: {fileID: 0}
    - target: {fileID: 638880829626853374, guid: 4dac14667892a3d4ba0d5a4605a3f100,
        type: 3}
      propertyPath: m_LocalEulerAnglesHint.y
      value: 0
      objectReference: {fileID: 0}
    - target: {fileID: 638880829626853374, guid: 4dac14667892a3d4ba0d5a4605a3f100,
        type: 3}
      propertyPath: m_LocalEulerAnglesHint.z
      value: 0
      objectReference: {fileID: 0}
    - target: {fileID: 890201124575987066, guid: 4dac14667892a3d4ba0d5a4605a3f100,
        type: 3}
      propertyPath: m_Name
      value: 6x12m_Floor
      objectReference: {fileID: 0}
    m_RemovedComponents: []
  m_SourcePrefab: {fileID: 100100000, guid: 4dac14667892a3d4ba0d5a4605a3f100, type: 3}
--- !u!4 &9073875534151776812 stripped
Transform:
  m_CorrespondingSourceObject: {fileID: 638880829626853374, guid: 4dac14667892a3d4ba0d5a4605a3f100,
    type: 3}
  m_PrefabInstance: {fileID: 8444569275486592466}
  m_PrefabAsset: {fileID: 0}
