%YAML 1.1
%TAG !u! tag:unity3d.com,2011:
--- !u!1 &617978897870909294
GameObject:
  m_ObjectHideFlags: 0
  m_CorrespondingSourceObject: {fileID: 0}
  m_PrefabInstance: {fileID: 0}
  m_PrefabAsset: {fileID: 0}
  serializedVersion: 6
  m_Component:
  - component: {fileID: 6309830957272670666}
  m_Layer: 0
  m_Name: Breached_Wall
  m_TagString: Untagged
  m_Icon: {fileID: 0}
  m_NavMeshLayer: 0
  m_StaticEditorFlags: 4294967295
  m_IsActive: 1
--- !u!4 &6309830957272670666
Transform:
  m_ObjectHideFlags: 0
  m_CorrespondingSourceObject: {fileID: 0}
  m_PrefabInstance: {fileID: 0}
  m_PrefabAsset: {fileID: 0}
  m_GameObject: {fileID: 617978897870909294}
  m_LocalRotation: {x: 0, y: 0, z: 0, w: 1}
  m_LocalPosition: {x: 0, y: 0, z: 0}
  m_LocalScale: {x: 1, y: 1, z: 1}
  m_Children:
  - {fileID: 558231325162010662}
  - {fileID: 4535501649145516633}
  - {fileID: 3757259851149345471}
  m_Father: {fileID: 0}
  m_RootOrder: 0
  m_LocalEulerAnglesHint: {x: 0, y: 0, z: 0}
--- !u!1 &1978329198484666187
GameObject:
  m_ObjectHideFlags: 0
  m_CorrespondingSourceObject: {fileID: 0}
  m_PrefabInstance: {fileID: 0}
  m_PrefabAsset: {fileID: 0}
  serializedVersion: 6
  m_Component:
  - component: {fileID: 6762606356656158278}
  m_Layer: 0
  m_Name: Variant
  m_TagString: Untagged
  m_Icon: {fileID: 0}
  m_NavMeshLayer: 0
  m_StaticEditorFlags: 0
  m_IsActive: 1
--- !u!4 &6762606356656158278
Transform:
  m_ObjectHideFlags: 0
  m_CorrespondingSourceObject: {fileID: 0}
  m_PrefabInstance: {fileID: 0}
  m_PrefabAsset: {fileID: 0}
  m_GameObject: {fileID: 1978329198484666187}
  m_LocalRotation: {x: -0, y: -0, z: -0, w: 1}
  m_LocalPosition: {x: 0, y: 0, z: 0}
  m_LocalScale: {x: 1, y: 1, z: 1}
  m_Children:
  - {fileID: 6064774042408551140}
  - {fileID: 4034191414538355831}
  - {fileID: 1299660228562393638}
  - {fileID: 7399243487885739351}
  - {fileID: 4445768706495100129}
  - {fileID: 553873044259994870}
  - {fileID: 16597439703357533}
  - {fileID: 2170364782577488663}
  - {fileID: 2026550714948742126}
  - {fileID: 5571159855340761909}
  - {fileID: 5170053764811991392}
  - {fileID: 2969873422721759703}
  - {fileID: 4435199345805153304}
  - {fileID: 4513729693837604751}
  - {fileID: 5581199879095054908}
  - {fileID: 1902500494668537008}
  m_Father: {fileID: 558231325162010662}
  m_RootOrder: 0
  m_LocalEulerAnglesHint: {x: 0, y: 0, z: 0}
--- !u!1 &2079116255257537565
GameObject:
  m_ObjectHideFlags: 0
  m_CorrespondingSourceObject: {fileID: 0}
  m_PrefabInstance: {fileID: 0}
  m_PrefabAsset: {fileID: 0}
  serializedVersion: 6
  m_Component:
  - component: {fileID: 8002534066676332453}
  m_Layer: 0
  m_Name: Variant
  m_TagString: Untagged
  m_Icon: {fileID: 0}
  m_NavMeshLayer: 0
  m_StaticEditorFlags: 0
  m_IsActive: 1
--- !u!4 &8002534066676332453
Transform:
  m_ObjectHideFlags: 0
  m_CorrespondingSourceObject: {fileID: 0}
  m_PrefabInstance: {fileID: 0}
  m_PrefabAsset: {fileID: 0}
  m_GameObject: {fileID: 2079116255257537565}
  m_LocalRotation: {x: 0, y: 0, z: 0, w: 1}
  m_LocalPosition: {x: 0, y: 0, z: 0}
  m_LocalScale: {x: 1, y: 1, z: 1}
  m_Children:
  - {fileID: 2401814677357401584}
  - {fileID: 1053830048747868660}
  - {fileID: 7962563148465865305}
  - {fileID: 896490873519494976}
  m_Father: {fileID: 4535501649145516633}
  m_RootOrder: 0
  m_LocalEulerAnglesHint: {x: 0, y: 0, z: 0}
--- !u!1 &3430028010644121553
GameObject:
  m_ObjectHideFlags: 0
  m_CorrespondingSourceObject: {fileID: 0}
  m_PrefabInstance: {fileID: 0}
  m_PrefabAsset: {fileID: 0}
  serializedVersion: 6
  m_Component:
  - component: {fileID: 4535501649145516633}
  - component: {fileID: 3309783662743074138}
  m_Layer: 0
  m_Name: Debris
  m_TagString: Untagged
  m_Icon: {fileID: 0}
  m_NavMeshLayer: 0
  m_StaticEditorFlags: 0
  m_IsActive: 1
--- !u!4 &4535501649145516633
Transform:
  m_ObjectHideFlags: 0
  m_CorrespondingSourceObject: {fileID: 0}
  m_PrefabInstance: {fileID: 0}
  m_PrefabAsset: {fileID: 0}
  m_GameObject: {fileID: 3430028010644121553}
  m_LocalRotation: {x: 0, y: 0, z: 0, w: 1}
  m_LocalPosition: {x: 0, y: 0, z: 0}
  m_LocalScale: {x: 1, y: 1, z: 1}
  m_Children:
  - {fileID: 8002534066676332453}
  m_Father: {fileID: 6309830957272670666}
  m_RootOrder: 1
  m_LocalEulerAnglesHint: {x: 0, y: 0, z: 0}
--- !u!114 &3309783662743074138
MonoBehaviour:
  m_ObjectHideFlags: 0
  m_CorrespondingSourceObject: {fileID: 0}
  m_PrefabInstance: {fileID: 0}
  m_PrefabAsset: {fileID: 0}
  m_GameObject: {fileID: 3430028010644121553}
  m_Enabled: 1
  m_EditorHideFlags: 0
  m_Script: {fileID: 11500000, guid: 8fec7e10d5883bf4aa75872f1431a607, type: 3}
  m_Name: 
  m_EditorClassIdentifier: 
  marked: 0
--- !u!1 &4041117056703859426
GameObject:
  m_ObjectHideFlags: 0
  m_CorrespondingSourceObject: {fileID: 0}
  m_PrefabInstance: {fileID: 0}
  m_PrefabAsset: {fileID: 0}
  serializedVersion: 6
  m_Component:
  - component: {fileID: 558231325162010662}
  - component: {fileID: 6162513998798205052}
  m_Layer: 0
  m_Name: Wall
  m_TagString: Untagged
  m_Icon: {fileID: 0}
  m_NavMeshLayer: 0
  m_StaticEditorFlags: 0
  m_IsActive: 1
--- !u!4 &558231325162010662
Transform:
  m_ObjectHideFlags: 0
  m_CorrespondingSourceObject: {fileID: 0}
  m_PrefabInstance: {fileID: 0}
  m_PrefabAsset: {fileID: 0}
  m_GameObject: {fileID: 4041117056703859426}
  m_LocalRotation: {x: 0, y: 0, z: 0, w: 1}
  m_LocalPosition: {x: 0, y: 0, z: 0}
  m_LocalScale: {x: 1, y: 1, z: 1}
  m_Children:
  - {fileID: 6762606356656158278}
  m_Father: {fileID: 6309830957272670666}
  m_RootOrder: 0
  m_LocalEulerAnglesHint: {x: 0, y: 0, z: 0}
--- !u!114 &6162513998798205052
MonoBehaviour:
  m_ObjectHideFlags: 0
  m_CorrespondingSourceObject: {fileID: 0}
  m_PrefabInstance: {fileID: 0}
  m_PrefabAsset: {fileID: 0}
  m_GameObject: {fileID: 4041117056703859426}
  m_Enabled: 1
  m_EditorHideFlags: 0
  m_Script: {fileID: 11500000, guid: 8fec7e10d5883bf4aa75872f1431a607, type: 3}
  m_Name: 
  m_EditorClassIdentifier: 
  marked: 0
--- !u!1 &6752367021141528209
GameObject:
  m_ObjectHideFlags: 0
  m_CorrespondingSourceObject: {fileID: 0}
  m_PrefabInstance: {fileID: 0}
  m_PrefabAsset: {fileID: 0}
  serializedVersion: 6
  m_Component:
  - component: {fileID: 3757259851149345471}
  - component: {fileID: 2206418753592796310}
  m_Layer: 0
  m_Name: Floor
  m_TagString: Untagged
  m_Icon: {fileID: 0}
  m_NavMeshLayer: 0
  m_StaticEditorFlags: 0
  m_IsActive: 1
--- !u!4 &3757259851149345471
Transform:
  m_ObjectHideFlags: 0
  m_CorrespondingSourceObject: {fileID: 0}
  m_PrefabInstance: {fileID: 0}
  m_PrefabAsset: {fileID: 0}
  m_GameObject: {fileID: 6752367021141528209}
  m_LocalRotation: {x: 0, y: 0, z: 0, w: 1}
  m_LocalPosition: {x: 0, y: 0, z: 0}
  m_LocalScale: {x: 1, y: 1, z: 1}
  m_Children:
  - {fileID: 5767139217851919782}
  m_Father: {fileID: 6309830957272670666}
  m_RootOrder: 2
  m_LocalEulerAnglesHint: {x: 0, y: 0, z: 0}
--- !u!114 &2206418753592796310
MonoBehaviour:
  m_ObjectHideFlags: 0
  m_CorrespondingSourceObject: {fileID: 0}
  m_PrefabInstance: {fileID: 0}
  m_PrefabAsset: {fileID: 0}
  m_GameObject: {fileID: 6752367021141528209}
  m_Enabled: 1
  m_EditorHideFlags: 0
  m_Script: {fileID: 11500000, guid: 8fec7e10d5883bf4aa75872f1431a607, type: 3}
  m_Name: 
  m_EditorClassIdentifier: 
  marked: 0
--- !u!1 &7707188301368885800
GameObject:
  m_ObjectHideFlags: 0
  m_CorrespondingSourceObject: {fileID: 0}
  m_PrefabInstance: {fileID: 0}
  m_PrefabAsset: {fileID: 0}
  serializedVersion: 6
  m_Component:
  - component: {fileID: 5767139217851919782}
  m_Layer: 0
  m_Name: Variant
  m_TagString: Untagged
  m_Icon: {fileID: 0}
  m_NavMeshLayer: 0
  m_StaticEditorFlags: 0
  m_IsActive: 1
--- !u!4 &5767139217851919782
Transform:
  m_ObjectHideFlags: 0
  m_CorrespondingSourceObject: {fileID: 0}
  m_PrefabInstance: {fileID: 0}
  m_PrefabAsset: {fileID: 0}
  m_GameObject: {fileID: 7707188301368885800}
  m_LocalRotation: {x: 0, y: 0, z: 0, w: 1}
  m_LocalPosition: {x: 0, y: 0, z: 0}
  m_LocalScale: {x: 1, y: 1, z: 1}
  m_Children:
  - {fileID: 4654581155934690356}
  m_Father: {fileID: 3757259851149345471}
  m_RootOrder: 0
  m_LocalEulerAnglesHint: {x: 0, y: 0, z: 0}
--- !u!1001 &11974271569692151
PrefabInstance:
  m_ObjectHideFlags: 0
  serializedVersion: 2
  m_Modification:
    m_TransformParent: {fileID: 6762606356656158278}
    m_Modifications:
    - target: {fileID: 1676386214050148, guid: 1ff20b56231edc24a90abfe54218f304, type: 3}
      propertyPath: m_StaticEditorFlags
      value: 4294967295
      objectReference: {fileID: 0}
    - target: {fileID: 1676386214050148, guid: 1ff20b56231edc24a90abfe54218f304, type: 3}
      propertyPath: m_IsActive
      value: 1
      objectReference: {fileID: 0}
    - target: {fileID: 1676386214050148, guid: 1ff20b56231edc24a90abfe54218f304, type: 3}
      propertyPath: m_Name
      value: Stone_1 (6)
      objectReference: {fileID: 0}
    - target: {fileID: 4641870913740202, guid: 1ff20b56231edc24a90abfe54218f304, type: 3}
      propertyPath: m_LocalPosition.x
      value: 1.67
      objectReference: {fileID: 0}
    - target: {fileID: 4641870913740202, guid: 1ff20b56231edc24a90abfe54218f304, type: 3}
      propertyPath: m_LocalPosition.y
      value: 0.632
      objectReference: {fileID: 0}
    - target: {fileID: 4641870913740202, guid: 1ff20b56231edc24a90abfe54218f304, type: 3}
      propertyPath: m_LocalPosition.z
      value: -0.066
      objectReference: {fileID: 0}
    - target: {fileID: 4641870913740202, guid: 1ff20b56231edc24a90abfe54218f304, type: 3}
      propertyPath: m_LocalRotation.x
      value: -0
      objectReference: {fileID: 0}
    - target: {fileID: 4641870913740202, guid: 1ff20b56231edc24a90abfe54218f304, type: 3}
      propertyPath: m_LocalRotation.y
      value: -0
      objectReference: {fileID: 0}
    - target: {fileID: 4641870913740202, guid: 1ff20b56231edc24a90abfe54218f304, type: 3}
      propertyPath: m_LocalRotation.z
      value: -0
      objectReference: {fileID: 0}
    - target: {fileID: 4641870913740202, guid: 1ff20b56231edc24a90abfe54218f304, type: 3}
      propertyPath: m_LocalRotation.w
      value: 1
      objectReference: {fileID: 0}
    - target: {fileID: 4641870913740202, guid: 1ff20b56231edc24a90abfe54218f304, type: 3}
      propertyPath: m_RootOrder
      value: 6
      objectReference: {fileID: 0}
    m_RemovedComponents: []
  m_SourcePrefab: {fileID: 100100000, guid: 1ff20b56231edc24a90abfe54218f304, type: 3}
--- !u!4 &16597439703357533 stripped
Transform:
  m_CorrespondingSourceObject: {fileID: 4641870913740202, guid: 1ff20b56231edc24a90abfe54218f304,
    type: 3}
  m_PrefabInstance: {fileID: 11974271569692151}
  m_PrefabAsset: {fileID: 0}
--- !u!1001 &558373067411153244
PrefabInstance:
  m_ObjectHideFlags: 0
  serializedVersion: 2
  m_Modification:
    m_TransformParent: {fileID: 6762606356656158278}
    m_Modifications:
    - target: {fileID: 1676386214050148, guid: 1ff20b56231edc24a90abfe54218f304, type: 3}
      propertyPath: m_StaticEditorFlags
      value: 4294967295
      objectReference: {fileID: 0}
    - target: {fileID: 1676386214050148, guid: 1ff20b56231edc24a90abfe54218f304, type: 3}
      propertyPath: m_IsActive
      value: 1
      objectReference: {fileID: 0}
    - target: {fileID: 1676386214050148, guid: 1ff20b56231edc24a90abfe54218f304, type: 3}
      propertyPath: m_Name
      value: Stone_1 (7)
      objectReference: {fileID: 0}
    - target: {fileID: 4641870913740202, guid: 1ff20b56231edc24a90abfe54218f304, type: 3}
      propertyPath: m_LocalPosition.x
      value: -1.73
      objectReference: {fileID: 0}
    - target: {fileID: 4641870913740202, guid: 1ff20b56231edc24a90abfe54218f304, type: 3}
      propertyPath: m_LocalPosition.y
      value: 0.595
      objectReference: {fileID: 0}
    - target: {fileID: 4641870913740202, guid: 1ff20b56231edc24a90abfe54218f304, type: 3}
      propertyPath: m_LocalPosition.z
      value: -0.056
      objectReference: {fileID: 0}
    - target: {fileID: 4641870913740202, guid: 1ff20b56231edc24a90abfe54218f304, type: 3}
      propertyPath: m_LocalRotation.x
      value: -0
      objectReference: {fileID: 0}
    - target: {fileID: 4641870913740202, guid: 1ff20b56231edc24a90abfe54218f304, type: 3}
      propertyPath: m_LocalRotation.y
      value: -0
      objectReference: {fileID: 0}
    - target: {fileID: 4641870913740202, guid: 1ff20b56231edc24a90abfe54218f304, type: 3}
      propertyPath: m_LocalRotation.z
      value: -0
      objectReference: {fileID: 0}
    - target: {fileID: 4641870913740202, guid: 1ff20b56231edc24a90abfe54218f304, type: 3}
      propertyPath: m_LocalRotation.w
      value: 1
      objectReference: {fileID: 0}
    - target: {fileID: 4641870913740202, guid: 1ff20b56231edc24a90abfe54218f304, type: 3}
      propertyPath: m_RootOrder
      value: 5
      objectReference: {fileID: 0}
    m_RemovedComponents: []
  m_SourcePrefab: {fileID: 100100000, guid: 1ff20b56231edc24a90abfe54218f304, type: 3}
--- !u!4 &553873044259994870 stripped
Transform:
  m_CorrespondingSourceObject: {fileID: 4641870913740202, guid: 1ff20b56231edc24a90abfe54218f304,
    type: 3}
  m_PrefabInstance: {fileID: 558373067411153244}
  m_PrefabAsset: {fileID: 0}
--- !u!1001 &900565855291471856
PrefabInstance:
  m_ObjectHideFlags: 0
  serializedVersion: 2
  m_Modification:
    m_TransformParent: {fileID: 8002534066676332453}
    m_Modifications:
    - target: {fileID: 1320008010107314, guid: 22c253051c9f67946aa70ca738c5ef93, type: 3}
      propertyPath: m_StaticEditorFlags
      value: 4294967295
      objectReference: {fileID: 0}
    - target: {fileID: 1369702426740906, guid: 22c253051c9f67946aa70ca738c5ef93, type: 3}
      propertyPath: m_StaticEditorFlags
      value: 4294967295
      objectReference: {fileID: 0}
    - target: {fileID: 1642241114990178, guid: 22c253051c9f67946aa70ca738c5ef93, type: 3}
      propertyPath: m_StaticEditorFlags
      value: 4294967295
      objectReference: {fileID: 0}
    - target: {fileID: 1856462352332602, guid: 22c253051c9f67946aa70ca738c5ef93, type: 3}
      propertyPath: m_StaticEditorFlags
      value: 4294967295
      objectReference: {fileID: 0}
    - target: {fileID: 1869623878746458, guid: 22c253051c9f67946aa70ca738c5ef93, type: 3}
      propertyPath: m_StaticEditorFlags
      value: 4294967295
      objectReference: {fileID: 0}
    - target: {fileID: 4143679271664484, guid: 22c253051c9f67946aa70ca738c5ef93, type: 3}
      propertyPath: m_LocalRotation.y
      value: 0
      objectReference: {fileID: 0}
    - target: {fileID: 4143679271664484, guid: 22c253051c9f67946aa70ca738c5ef93, type: 3}
      propertyPath: m_LocalRotation.z
      value: 0
      objectReference: {fileID: 0}
    - target: {fileID: 4143679271664484, guid: 22c253051c9f67946aa70ca738c5ef93, type: 3}
      propertyPath: m_LocalRotation.x
      value: 0
      objectReference: {fileID: 0}
    - target: {fileID: 4143679271664484, guid: 22c253051c9f67946aa70ca738c5ef93, type: 3}
      propertyPath: m_LocalRotation.w
      value: 1
      objectReference: {fileID: 0}
    - target: {fileID: 4143679271664484, guid: 22c253051c9f67946aa70ca738c5ef93, type: 3}
      propertyPath: m_LocalEulerAnglesHint.y
      value: 0
      objectReference: {fileID: 0}
    - target: {fileID: 4374323829416112, guid: 22c253051c9f67946aa70ca738c5ef93, type: 3}
      propertyPath: m_LocalPosition.x
      value: 2.1490016
      objectReference: {fileID: 0}
    - target: {fileID: 4374323829416112, guid: 22c253051c9f67946aa70ca738c5ef93, type: 3}
      propertyPath: m_LocalPosition.y
      value: -0.254
      objectReference: {fileID: 0}
    - target: {fileID: 4374323829416112, guid: 22c253051c9f67946aa70ca738c5ef93, type: 3}
      propertyPath: m_LocalPosition.z
      value: 1.6199994
      objectReference: {fileID: 0}
    - target: {fileID: 4374323829416112, guid: 22c253051c9f67946aa70ca738c5ef93, type: 3}
      propertyPath: m_LocalRotation.x
      value: -0
      objectReference: {fileID: 0}
    - target: {fileID: 4374323829416112, guid: 22c253051c9f67946aa70ca738c5ef93, type: 3}
      propertyPath: m_LocalRotation.y
      value: -0.7071068
      objectReference: {fileID: 0}
    - target: {fileID: 4374323829416112, guid: 22c253051c9f67946aa70ca738c5ef93, type: 3}
      propertyPath: m_LocalRotation.z
      value: -0
      objectReference: {fileID: 0}
    - target: {fileID: 4374323829416112, guid: 22c253051c9f67946aa70ca738c5ef93, type: 3}
      propertyPath: m_LocalRotation.w
      value: 0.7071068
      objectReference: {fileID: 0}
    - target: {fileID: 4374323829416112, guid: 22c253051c9f67946aa70ca738c5ef93, type: 3}
      propertyPath: m_RootOrder
      value: 3
      objectReference: {fileID: 0}
    - target: {fileID: 4374323829416112, guid: 22c253051c9f67946aa70ca738c5ef93, type: 3}
      propertyPath: m_LocalEulerAnglesHint.y
      value: -90
      objectReference: {fileID: 0}
    - target: {fileID: 4374323829416112, guid: 22c253051c9f67946aa70ca738c5ef93, type: 3}
      propertyPath: m_LocalScale.x
      value: 1
      objectReference: {fileID: 0}
    - target: {fileID: 4374323829416112, guid: 22c253051c9f67946aa70ca738c5ef93, type: 3}
      propertyPath: m_LocalScale.z
      value: 1
      objectReference: {fileID: 0}
    - target: {fileID: 64889538889789936, guid: 22c253051c9f67946aa70ca738c5ef93,
        type: 3}
      propertyPath: m_Enabled
      value: 0
      objectReference: {fileID: 0}
    m_RemovedComponents: []
  m_SourcePrefab: {fileID: 100100000, guid: 22c253051c9f67946aa70ca738c5ef93, type: 3}
--- !u!4 &896490873519494976 stripped
Transform:
  m_CorrespondingSourceObject: {fileID: 4374323829416112, guid: 22c253051c9f67946aa70ca738c5ef93,
    type: 3}
  m_PrefabInstance: {fileID: 900565855291471856}
  m_PrefabAsset: {fileID: 0}
--- !u!1001 &1049297387355566716
PrefabInstance:
  m_ObjectHideFlags: 0
  serializedVersion: 2
  m_Modification:
    m_TransformParent: {fileID: 8002534066676332453}
    m_Modifications:
    - target: {fileID: 1081108685459150, guid: fa8a2d7d526f26748a56037b6958217e, type: 3}
      propertyPath: m_StaticEditorFlags
      value: 4294967295
      objectReference: {fileID: 0}
    - target: {fileID: 1164904530986372, guid: fa8a2d7d526f26748a56037b6958217e, type: 3}
      propertyPath: m_StaticEditorFlags
      value: 4294967295
      objectReference: {fileID: 0}
    - target: {fileID: 1164904530986372, guid: fa8a2d7d526f26748a56037b6958217e, type: 3}
      propertyPath: m_IsActive
      value: 1
      objectReference: {fileID: 0}
    - target: {fileID: 1207847132774222, guid: fa8a2d7d526f26748a56037b6958217e, type: 3}
      propertyPath: m_StaticEditorFlags
      value: 4294967295
      objectReference: {fileID: 0}
    - target: {fileID: 1469087136694466, guid: fa8a2d7d526f26748a56037b6958217e, type: 3}
      propertyPath: m_StaticEditorFlags
      value: 4294967295
      objectReference: {fileID: 0}
    - target: {fileID: 1978092794579176, guid: fa8a2d7d526f26748a56037b6958217e, type: 3}
      propertyPath: m_StaticEditorFlags
      value: 4294967295
      objectReference: {fileID: 0}
    - target: {fileID: 4554944219521928, guid: fa8a2d7d526f26748a56037b6958217e, type: 3}
      propertyPath: m_LocalPosition.x
      value: -1.7799997
      objectReference: {fileID: 0}
    - target: {fileID: 4554944219521928, guid: fa8a2d7d526f26748a56037b6958217e, type: 3}
      propertyPath: m_LocalPosition.y
      value: -0.223
      objectReference: {fileID: 0}
    - target: {fileID: 4554944219521928, guid: fa8a2d7d526f26748a56037b6958217e, type: 3}
      propertyPath: m_LocalPosition.z
      value: -1.4499999
      objectReference: {fileID: 0}
    - target: {fileID: 4554944219521928, guid: fa8a2d7d526f26748a56037b6958217e, type: 3}
      propertyPath: m_LocalRotation.x
      value: -0
      objectReference: {fileID: 0}
    - target: {fileID: 4554944219521928, guid: fa8a2d7d526f26748a56037b6958217e, type: 3}
      propertyPath: m_LocalRotation.y
      value: 0.12706465
      objectReference: {fileID: 0}
    - target: {fileID: 4554944219521928, guid: fa8a2d7d526f26748a56037b6958217e, type: 3}
      propertyPath: m_LocalRotation.z
      value: -0
      objectReference: {fileID: 0}
    - target: {fileID: 4554944219521928, guid: fa8a2d7d526f26748a56037b6958217e, type: 3}
      propertyPath: m_LocalRotation.w
      value: 0.9918945
      objectReference: {fileID: 0}
    - target: {fileID: 4554944219521928, guid: fa8a2d7d526f26748a56037b6958217e, type: 3}
      propertyPath: m_RootOrder
      value: 1
      objectReference: {fileID: 0}
    - target: {fileID: 4554944219521928, guid: fa8a2d7d526f26748a56037b6958217e, type: 3}
      propertyPath: m_LocalScale.x
      value: 1
      objectReference: {fileID: 0}
    - target: {fileID: 4554944219521928, guid: fa8a2d7d526f26748a56037b6958217e, type: 3}
      propertyPath: m_LocalScale.z
      value: 1
      objectReference: {fileID: 0}
    - target: {fileID: 4554944219521928, guid: fa8a2d7d526f26748a56037b6958217e, type: 3}
      propertyPath: m_LocalEulerAnglesHint.y
      value: 14.6
      objectReference: {fileID: 0}
    - target: {fileID: 64400831248574350, guid: fa8a2d7d526f26748a56037b6958217e,
        type: 3}
      propertyPath: m_Enabled
      value: 0
      objectReference: {fileID: 0}
    m_RemovedComponents: []
  m_SourcePrefab: {fileID: 100100000, guid: fa8a2d7d526f26748a56037b6958217e, type: 3}
--- !u!4 &1053830048747868660 stripped
Transform:
  m_CorrespondingSourceObject: {fileID: 4554944219521928, guid: fa8a2d7d526f26748a56037b6958217e,
    type: 3}
  m_PrefabInstance: {fileID: 1049297387355566716}
  m_PrefabAsset: {fileID: 0}
--- !u!1001 &1298979613216869802
PrefabInstance:
  m_ObjectHideFlags: 0
  serializedVersion: 2
  m_Modification:
    m_TransformParent: {fileID: 6762606356656158278}
    m_Modifications:
    - target: {fileID: 1298182674642862, guid: 6d0aff2bd69f5d046a3ba230151bb281, type: 3}
      propertyPath: m_StaticEditorFlags
      value: 4294967295
      objectReference: {fileID: 0}
    - target: {fileID: 1448196970905414, guid: 6d0aff2bd69f5d046a3ba230151bb281, type: 3}
      propertyPath: m_StaticEditorFlags
      value: 4294967295
      objectReference: {fileID: 0}
    - target: {fileID: 1761214291403774, guid: 6d0aff2bd69f5d046a3ba230151bb281, type: 3}
      propertyPath: m_StaticEditorFlags
      value: 4294967295
      objectReference: {fileID: 0}
    - target: {fileID: 1832032714688842, guid: 6d0aff2bd69f5d046a3ba230151bb281, type: 3}
      propertyPath: m_StaticEditorFlags
      value: 4294967295
      objectReference: {fileID: 0}
    - target: {fileID: 1850805112771508, guid: 6d0aff2bd69f5d046a3ba230151bb281, type: 3}
      propertyPath: m_StaticEditorFlags
      value: 4294967295
      objectReference: {fileID: 0}
    - target: {fileID: 4421157670229900, guid: 6d0aff2bd69f5d046a3ba230151bb281, type: 3}
      propertyPath: m_LocalPosition.x
      value: -2.710001
      objectReference: {fileID: 0}
    - target: {fileID: 4421157670229900, guid: 6d0aff2bd69f5d046a3ba230151bb281, type: 3}
      propertyPath: m_LocalPosition.y
      value: 0.43
      objectReference: {fileID: 0}
    - target: {fileID: 4421157670229900, guid: 6d0aff2bd69f5d046a3ba230151bb281, type: 3}
      propertyPath: m_LocalPosition.z
      value: -0.52
      objectReference: {fileID: 0}
    - target: {fileID: 4421157670229900, guid: 6d0aff2bd69f5d046a3ba230151bb281, type: 3}
      propertyPath: m_LocalRotation.x
      value: -0
      objectReference: {fileID: 0}
    - target: {fileID: 4421157670229900, guid: 6d0aff2bd69f5d046a3ba230151bb281, type: 3}
      propertyPath: m_LocalRotation.y
      value: 1
      objectReference: {fileID: 0}
    - target: {fileID: 4421157670229900, guid: 6d0aff2bd69f5d046a3ba230151bb281, type: 3}
      propertyPath: m_LocalRotation.z
      value: -0
      objectReference: {fileID: 0}
    - target: {fileID: 4421157670229900, guid: 6d0aff2bd69f5d046a3ba230151bb281, type: 3}
      propertyPath: m_LocalRotation.w
      value: 0.0000014603138
      objectReference: {fileID: 0}
    - target: {fileID: 4421157670229900, guid: 6d0aff2bd69f5d046a3ba230151bb281, type: 3}
      propertyPath: m_RootOrder
      value: 2
      objectReference: {fileID: 0}
    - target: {fileID: 4421157670229900, guid: 6d0aff2bd69f5d046a3ba230151bb281, type: 3}
      propertyPath: m_LocalScale.x
      value: 1
      objectReference: {fileID: 0}
    - target: {fileID: 4421157670229900, guid: 6d0aff2bd69f5d046a3ba230151bb281, type: 3}
      propertyPath: m_LocalScale.z
      value: 1
      objectReference: {fileID: 0}
    - target: {fileID: 4421157670229900, guid: 6d0aff2bd69f5d046a3ba230151bb281, type: 3}
      propertyPath: m_LocalEulerAnglesHint.y
      value: 0
      objectReference: {fileID: 0}
    m_RemovedComponents: []
  m_SourcePrefab: {fileID: 100100000, guid: 6d0aff2bd69f5d046a3ba230151bb281, type: 3}
--- !u!4 &1299660228562393638 stripped
Transform:
  m_CorrespondingSourceObject: {fileID: 4421157670229900, guid: 6d0aff2bd69f5d046a3ba230151bb281,
    type: 3}
  m_PrefabInstance: {fileID: 1298979613216869802}
  m_PrefabAsset: {fileID: 0}
--- !u!1001 &1779108952075322308
PrefabInstance:
  m_ObjectHideFlags: 0
  serializedVersion: 2
  m_Modification:
    m_TransformParent: {fileID: 5767139217851919782}
    m_Modifications:
    - target: {fileID: 5142709107917615776, guid: 1c4293afa7cee0e44b7e78eb8c6654f5,
        type: 3}
      propertyPath: m_Name
      value: 400x50cm_Floor
      objectReference: {fileID: 0}
    - target: {fileID: 6352554650119184368, guid: 1c4293afa7cee0e44b7e78eb8c6654f5,
        type: 3}
      propertyPath: m_LocalPosition.x
      value: 1.55
      objectReference: {fileID: 0}
    - target: {fileID: 6352554650119184368, guid: 1c4293afa7cee0e44b7e78eb8c6654f5,
        type: 3}
      propertyPath: m_LocalPosition.y
      value: 0
      objectReference: {fileID: 0}
    - target: {fileID: 6352554650119184368, guid: 1c4293afa7cee0e44b7e78eb8c6654f5,
        type: 3}
      propertyPath: m_LocalPosition.z
      value: 0
      objectReference: {fileID: 0}
    - target: {fileID: 6352554650119184368, guid: 1c4293afa7cee0e44b7e78eb8c6654f5,
        type: 3}
      propertyPath: m_LocalRotation.x
      value: -0
      objectReference: {fileID: 0}
    - target: {fileID: 6352554650119184368, guid: 1c4293afa7cee0e44b7e78eb8c6654f5,
        type: 3}
      propertyPath: m_LocalRotation.y
      value: -0
      objectReference: {fileID: 0}
    - target: {fileID: 6352554650119184368, guid: 1c4293afa7cee0e44b7e78eb8c6654f5,
        type: 3}
      propertyPath: m_LocalRotation.z
      value: -0
      objectReference: {fileID: 0}
    - target: {fileID: 6352554650119184368, guid: 1c4293afa7cee0e44b7e78eb8c6654f5,
        type: 3}
      propertyPath: m_LocalRotation.w
      value: 1
      objectReference: {fileID: 0}
    - target: {fileID: 6352554650119184368, guid: 1c4293afa7cee0e44b7e78eb8c6654f5,
        type: 3}
      propertyPath: m_RootOrder
      value: 0
      objectReference: {fileID: 0}
    - target: {fileID: 6352554650119184368, guid: 1c4293afa7cee0e44b7e78eb8c6654f5,
        type: 3}
      propertyPath: m_LocalEulerAnglesHint.x
      value: 0
      objectReference: {fileID: 0}
    - target: {fileID: 6352554650119184368, guid: 1c4293afa7cee0e44b7e78eb8c6654f5,
        type: 3}
      propertyPath: m_LocalEulerAnglesHint.y
      value: 0
      objectReference: {fileID: 0}
    - target: {fileID: 6352554650119184368, guid: 1c4293afa7cee0e44b7e78eb8c6654f5,
        type: 3}
      propertyPath: m_LocalEulerAnglesHint.z
      value: 0
      objectReference: {fileID: 0}
    - target: {fileID: 6352554650119184368, guid: 1c4293afa7cee0e44b7e78eb8c6654f5,
        type: 3}
      propertyPath: m_LocalScale.x
      value: 0.8
      objectReference: {fileID: 0}
    m_RemovedComponents: []
  m_SourcePrefab: {fileID: 100100000, guid: 1c4293afa7cee0e44b7e78eb8c6654f5, type: 3}
--- !u!4 &4654581155934690356 stripped
Transform:
  m_CorrespondingSourceObject: {fileID: 6352554650119184368, guid: 1c4293afa7cee0e44b7e78eb8c6654f5,
    type: 3}
  m_PrefabInstance: {fileID: 1779108952075322308}
  m_PrefabAsset: {fileID: 0}
--- !u!1001 &1906934355221676024
PrefabInstance:
  m_ObjectHideFlags: 0
  serializedVersion: 2
  m_Modification:
    m_TransformParent: {fileID: 6762606356656158278}
    m_Modifications:
    - target: {fileID: 1053133020398626, guid: 9677fbca960517f428e3d0049d3f5bd3, type: 3}
      propertyPath: m_StaticEditorFlags
      value: 4294967295
      objectReference: {fileID: 0}
    - target: {fileID: 1223568925314682, guid: 9677fbca960517f428e3d0049d3f5bd3, type: 3}
      propertyPath: m_StaticEditorFlags
      value: 4294967295
      objectReference: {fileID: 0}
    - target: {fileID: 1367709747250826, guid: 9677fbca960517f428e3d0049d3f5bd3, type: 3}
      propertyPath: m_StaticEditorFlags
      value: 4294967295
      objectReference: {fileID: 0}
    - target: {fileID: 1367709747250826, guid: 9677fbca960517f428e3d0049d3f5bd3, type: 3}
      propertyPath: m_Name
      value: Bricks_3
      objectReference: {fileID: 0}
    - target: {fileID: 1755129626395106, guid: 9677fbca960517f428e3d0049d3f5bd3, type: 3}
      propertyPath: m_StaticEditorFlags
      value: 4294967295
      objectReference: {fileID: 0}
    - target: {fileID: 1794282305546622, guid: 9677fbca960517f428e3d0049d3f5bd3, type: 3}
      propertyPath: m_StaticEditorFlags
      value: 4294967295
      objectReference: {fileID: 0}
    - target: {fileID: 4996936436343624, guid: 9677fbca960517f428e3d0049d3f5bd3, type: 3}
      propertyPath: m_LocalPosition.x
      value: -1.1499972
      objectReference: {fileID: 0}
    - target: {fileID: 4996936436343624, guid: 9677fbca960517f428e3d0049d3f5bd3, type: 3}
      propertyPath: m_LocalPosition.y
      value: 2.787
      objectReference: {fileID: 0}
    - target: {fileID: 4996936436343624, guid: 9677fbca960517f428e3d0049d3f5bd3, type: 3}
      propertyPath: m_LocalPosition.z
      value: 0.0010000002
      objectReference: {fileID: 0}
    - target: {fileID: 4996936436343624, guid: 9677fbca960517f428e3d0049d3f5bd3, type: 3}
      propertyPath: m_LocalRotation.x
      value: 0.0001824341
      objectReference: {fileID: 0}
    - target: {fileID: 4996936436343624, guid: 9677fbca960517f428e3d0049d3f5bd3, type: 3}
      propertyPath: m_LocalRotation.y
      value: -0.0117172
      objectReference: {fileID: 0}
    - target: {fileID: 4996936436343624, guid: 9677fbca960517f428e3d0049d3f5bd3, type: 3}
      propertyPath: m_LocalRotation.z
      value: 0.015565323
      objectReference: {fileID: 0}
    - target: {fileID: 4996936436343624, guid: 9677fbca960517f428e3d0049d3f5bd3, type: 3}
      propertyPath: m_LocalRotation.w
      value: -0.9998102
      objectReference: {fileID: 0}
    - target: {fileID: 4996936436343624, guid: 9677fbca960517f428e3d0049d3f5bd3, type: 3}
      propertyPath: m_RootOrder
      value: 15
      objectReference: {fileID: 0}
    - target: {fileID: 4996936436343624, guid: 9677fbca960517f428e3d0049d3f5bd3, type: 3}
      propertyPath: m_LocalScale.x
      value: 1
      objectReference: {fileID: 0}
    - target: {fileID: 4996936436343624, guid: 9677fbca960517f428e3d0049d3f5bd3, type: 3}
      propertyPath: m_LocalScale.y
      value: 1
      objectReference: {fileID: 0}
    - target: {fileID: 4996936436343624, guid: 9677fbca960517f428e3d0049d3f5bd3, type: 3}
      propertyPath: m_LocalScale.z
      value: 1
      objectReference: {fileID: 0}
    - target: {fileID: 4996936436343624, guid: 9677fbca960517f428e3d0049d3f5bd3, type: 3}
      propertyPath: m_LocalEulerAnglesHint.y
      value: 1.343
      objectReference: {fileID: 0}
    m_RemovedComponents: []
  m_SourcePrefab: {fileID: 100100000, guid: 9677fbca960517f428e3d0049d3f5bd3, type: 3}
--- !u!4 &1902500494668537008 stripped
Transform:
  m_CorrespondingSourceObject: {fileID: 4996936436343624, guid: 9677fbca960517f428e3d0049d3f5bd3,
    type: 3}
  m_PrefabInstance: {fileID: 1906934355221676024}
  m_PrefabAsset: {fileID: 0}
--- !u!1001 &2022042438997997124
PrefabInstance:
  m_ObjectHideFlags: 0
  serializedVersion: 2
  m_Modification:
    m_TransformParent: {fileID: 6762606356656158278}
    m_Modifications:
    - target: {fileID: 1676386214050148, guid: 1ff20b56231edc24a90abfe54218f304, type: 3}
      propertyPath: m_StaticEditorFlags
      value: 4294967295
      objectReference: {fileID: 0}
    - target: {fileID: 1676386214050148, guid: 1ff20b56231edc24a90abfe54218f304, type: 3}
      propertyPath: m_IsActive
      value: 1
      objectReference: {fileID: 0}
    - target: {fileID: 1676386214050148, guid: 1ff20b56231edc24a90abfe54218f304, type: 3}
      propertyPath: m_Name
      value: Stone_1 (4)
      objectReference: {fileID: 0}
    - target: {fileID: 4641870913740202, guid: 1ff20b56231edc24a90abfe54218f304, type: 3}
      propertyPath: m_LocalPosition.x
      value: -2.0690002
      objectReference: {fileID: 0}
    - target: {fileID: 4641870913740202, guid: 1ff20b56231edc24a90abfe54218f304, type: 3}
      propertyPath: m_LocalPosition.y
      value: 1.84
      objectReference: {fileID: 0}
    - target: {fileID: 4641870913740202, guid: 1ff20b56231edc24a90abfe54218f304, type: 3}
      propertyPath: m_LocalPosition.z
      value: -0.274
      objectReference: {fileID: 0}
    - target: {fileID: 4641870913740202, guid: 1ff20b56231edc24a90abfe54218f304, type: 3}
      propertyPath: m_LocalRotation.x
      value: -0
      objectReference: {fileID: 0}
    - target: {fileID: 4641870913740202, guid: 1ff20b56231edc24a90abfe54218f304, type: 3}
      propertyPath: m_LocalRotation.y
      value: -0
      objectReference: {fileID: 0}
    - target: {fileID: 4641870913740202, guid: 1ff20b56231edc24a90abfe54218f304, type: 3}
      propertyPath: m_LocalRotation.z
      value: -0
      objectReference: {fileID: 0}
    - target: {fileID: 4641870913740202, guid: 1ff20b56231edc24a90abfe54218f304, type: 3}
      propertyPath: m_LocalRotation.w
      value: 1
      objectReference: {fileID: 0}
    - target: {fileID: 4641870913740202, guid: 1ff20b56231edc24a90abfe54218f304, type: 3}
      propertyPath: m_RootOrder
      value: 8
      objectReference: {fileID: 0}
    m_RemovedComponents: []
  m_SourcePrefab: {fileID: 100100000, guid: 1ff20b56231edc24a90abfe54218f304, type: 3}
--- !u!4 &2026550714948742126 stripped
Transform:
  m_CorrespondingSourceObject: {fileID: 4641870913740202, guid: 1ff20b56231edc24a90abfe54218f304,
    type: 3}
  m_PrefabInstance: {fileID: 2022042438997997124}
  m_PrefabAsset: {fileID: 0}
--- !u!1001 &2165899937343377085
PrefabInstance:
  m_ObjectHideFlags: 0
  serializedVersion: 2
  m_Modification:
    m_TransformParent: {fileID: 6762606356656158278}
    m_Modifications:
    - target: {fileID: 1676386214050148, guid: 1ff20b56231edc24a90abfe54218f304, type: 3}
      propertyPath: m_StaticEditorFlags
      value: 4294967295
      objectReference: {fileID: 0}
    - target: {fileID: 1676386214050148, guid: 1ff20b56231edc24a90abfe54218f304, type: 3}
      propertyPath: m_IsActive
      value: 1
      objectReference: {fileID: 0}
    - target: {fileID: 1676386214050148, guid: 1ff20b56231edc24a90abfe54218f304, type: 3}
      propertyPath: m_Name
      value: Stone_1 (5)
      objectReference: {fileID: 0}
    - target: {fileID: 4641870913740202, guid: 1ff20b56231edc24a90abfe54218f304, type: 3}
      propertyPath: m_LocalPosition.x
      value: 1.36
      objectReference: {fileID: 0}
    - target: {fileID: 4641870913740202, guid: 1ff20b56231edc24a90abfe54218f304, type: 3}
      propertyPath: m_LocalPosition.y
      value: 2.72
      objectReference: {fileID: 0}
    - target: {fileID: 4641870913740202, guid: 1ff20b56231edc24a90abfe54218f304, type: 3}
      propertyPath: m_LocalPosition.z
      value: -0.274
      objectReference: {fileID: 0}
    - target: {fileID: 4641870913740202, guid: 1ff20b56231edc24a90abfe54218f304, type: 3}
      propertyPath: m_LocalRotation.x
      value: -0
      objectReference: {fileID: 0}
    - target: {fileID: 4641870913740202, guid: 1ff20b56231edc24a90abfe54218f304, type: 3}
      propertyPath: m_LocalRotation.y
      value: -0
      objectReference: {fileID: 0}
    - target: {fileID: 4641870913740202, guid: 1ff20b56231edc24a90abfe54218f304, type: 3}
      propertyPath: m_LocalRotation.z
      value: -0
      objectReference: {fileID: 0}
    - target: {fileID: 4641870913740202, guid: 1ff20b56231edc24a90abfe54218f304, type: 3}
      propertyPath: m_LocalRotation.w
      value: 1
      objectReference: {fileID: 0}
    - target: {fileID: 4641870913740202, guid: 1ff20b56231edc24a90abfe54218f304, type: 3}
      propertyPath: m_RootOrder
      value: 7
      objectReference: {fileID: 0}
    m_RemovedComponents: []
  m_SourcePrefab: {fileID: 100100000, guid: 1ff20b56231edc24a90abfe54218f304, type: 3}
--- !u!4 &2170364782577488663 stripped
Transform:
  m_CorrespondingSourceObject: {fileID: 4641870913740202, guid: 1ff20b56231edc24a90abfe54218f304,
    type: 3}
  m_PrefabInstance: {fileID: 2165899937343377085}
  m_PrefabAsset: {fileID: 0}
--- !u!1001 &2397281745651644024
PrefabInstance:
  m_ObjectHideFlags: 0
  serializedVersion: 2
  m_Modification:
    m_TransformParent: {fileID: 8002534066676332453}
    m_Modifications:
    - target: {fileID: 1081108685459150, guid: fa8a2d7d526f26748a56037b6958217e, type: 3}
      propertyPath: m_StaticEditorFlags
      value: 4294967295
      objectReference: {fileID: 0}
    - target: {fileID: 1164904530986372, guid: fa8a2d7d526f26748a56037b6958217e, type: 3}
      propertyPath: m_Name
      value: Debris_Pile_4 (1)
      objectReference: {fileID: 0}
    - target: {fileID: 1164904530986372, guid: fa8a2d7d526f26748a56037b6958217e, type: 3}
      propertyPath: m_StaticEditorFlags
      value: 4294967295
      objectReference: {fileID: 0}
    - target: {fileID: 1207847132774222, guid: fa8a2d7d526f26748a56037b6958217e, type: 3}
      propertyPath: m_StaticEditorFlags
      value: 4294967295
      objectReference: {fileID: 0}
    - target: {fileID: 1469087136694466, guid: fa8a2d7d526f26748a56037b6958217e, type: 3}
      propertyPath: m_StaticEditorFlags
      value: 4294967295
      objectReference: {fileID: 0}
    - target: {fileID: 1978092794579176, guid: fa8a2d7d526f26748a56037b6958217e, type: 3}
      propertyPath: m_StaticEditorFlags
      value: 4294967295
      objectReference: {fileID: 0}
    - target: {fileID: 4554944219521928, guid: fa8a2d7d526f26748a56037b6958217e, type: 3}
      propertyPath: m_LocalPosition.x
      value: 1.42
      objectReference: {fileID: 0}
    - target: {fileID: 4554944219521928, guid: fa8a2d7d526f26748a56037b6958217e, type: 3}
      propertyPath: m_LocalPosition.y
      value: -0.154
      objectReference: {fileID: 0}
    - target: {fileID: 4554944219521928, guid: fa8a2d7d526f26748a56037b6958217e, type: 3}
      propertyPath: m_LocalPosition.z
      value: -1.02
      objectReference: {fileID: 0}
    - target: {fileID: 4554944219521928, guid: fa8a2d7d526f26748a56037b6958217e, type: 3}
      propertyPath: m_LocalRotation.x
      value: -0
      objectReference: {fileID: 0}
    - target: {fileID: 4554944219521928, guid: fa8a2d7d526f26748a56037b6958217e, type: 3}
      propertyPath: m_LocalRotation.y
      value: 0.28644976
      objectReference: {fileID: 0}
    - target: {fileID: 4554944219521928, guid: fa8a2d7d526f26748a56037b6958217e, type: 3}
      propertyPath: m_LocalRotation.z
      value: -0
      objectReference: {fileID: 0}
    - target: {fileID: 4554944219521928, guid: fa8a2d7d526f26748a56037b6958217e, type: 3}
      propertyPath: m_LocalRotation.w
      value: 0.9580953
      objectReference: {fileID: 0}
    - target: {fileID: 4554944219521928, guid: fa8a2d7d526f26748a56037b6958217e, type: 3}
      propertyPath: m_RootOrder
      value: 0
      objectReference: {fileID: 0}
    - target: {fileID: 4554944219521928, guid: fa8a2d7d526f26748a56037b6958217e, type: 3}
      propertyPath: m_LocalScale.x
      value: 1
      objectReference: {fileID: 0}
    - target: {fileID: 4554944219521928, guid: fa8a2d7d526f26748a56037b6958217e, type: 3}
      propertyPath: m_LocalScale.z
      value: 1
      objectReference: {fileID: 0}
    - target: {fileID: 4554944219521928, guid: fa8a2d7d526f26748a56037b6958217e, type: 3}
      propertyPath: m_LocalEulerAnglesHint.y
      value: 33.291
      objectReference: {fileID: 0}
    - target: {fileID: 64400831248574350, guid: fa8a2d7d526f26748a56037b6958217e,
        type: 3}
      propertyPath: m_Enabled
      value: 0
      objectReference: {fileID: 0}
    m_RemovedComponents: []
  m_SourcePrefab: {fileID: 100100000, guid: fa8a2d7d526f26748a56037b6958217e, type: 3}
--- !u!4 &2401814677357401584 stripped
Transform:
  m_CorrespondingSourceObject: {fileID: 4554944219521928, guid: fa8a2d7d526f26748a56037b6958217e,
    type: 3}
  m_PrefabInstance: {fileID: 2397281745651644024}
  m_PrefabAsset: {fileID: 0}
--- !u!1001 &2965446517430428797
PrefabInstance:
  m_ObjectHideFlags: 0
  serializedVersion: 2
  m_Modification:
    m_TransformParent: {fileID: 6762606356656158278}
    m_Modifications:
    - target: {fileID: 1676386214050148, guid: 1ff20b56231edc24a90abfe54218f304, type: 3}
      propertyPath: m_StaticEditorFlags
      value: 4294967295
      objectReference: {fileID: 0}
    - target: {fileID: 1676386214050148, guid: 1ff20b56231edc24a90abfe54218f304, type: 3}
      propertyPath: m_IsActive
      value: 1
      objectReference: {fileID: 0}
    - target: {fileID: 1676386214050148, guid: 1ff20b56231edc24a90abfe54218f304, type: 3}
      propertyPath: m_Name
      value: Stone_1 (1)
      objectReference: {fileID: 0}
    - target: {fileID: 4641870913740202, guid: 1ff20b56231edc24a90abfe54218f304, type: 3}
      propertyPath: m_LocalPosition.x
      value: -1.6079998
      objectReference: {fileID: 0}
    - target: {fileID: 4641870913740202, guid: 1ff20b56231edc24a90abfe54218f304, type: 3}
      propertyPath: m_LocalPosition.y
      value: 3.074
      objectReference: {fileID: 0}
    - target: {fileID: 4641870913740202, guid: 1ff20b56231edc24a90abfe54218f304, type: 3}
      propertyPath: m_LocalPosition.z
      value: -0.376
      objectReference: {fileID: 0}
    - target: {fileID: 4641870913740202, guid: 1ff20b56231edc24a90abfe54218f304, type: 3}
      propertyPath: m_LocalRotation.x
      value: -0
      objectReference: {fileID: 0}
    - target: {fileID: 4641870913740202, guid: 1ff20b56231edc24a90abfe54218f304, type: 3}
      propertyPath: m_LocalRotation.y
      value: -0
      objectReference: {fileID: 0}
    - target: {fileID: 4641870913740202, guid: 1ff20b56231edc24a90abfe54218f304, type: 3}
      propertyPath: m_LocalRotation.z
      value: -0
      objectReference: {fileID: 0}
    - target: {fileID: 4641870913740202, guid: 1ff20b56231edc24a90abfe54218f304, type: 3}
      propertyPath: m_LocalRotation.w
      value: 1
      objectReference: {fileID: 0}
    - target: {fileID: 4641870913740202, guid: 1ff20b56231edc24a90abfe54218f304, type: 3}
      propertyPath: m_RootOrder
      value: 11
      objectReference: {fileID: 0}
    m_RemovedComponents: []
  m_SourcePrefab: {fileID: 100100000, guid: 1ff20b56231edc24a90abfe54218f304, type: 3}
--- !u!4 &2969873422721759703 stripped
Transform:
  m_CorrespondingSourceObject: {fileID: 4641870913740202, guid: 1ff20b56231edc24a90abfe54218f304,
    type: 3}
  m_PrefabInstance: {fileID: 2965446517430428797}
  m_PrefabAsset: {fileID: 0}
--- !u!1001 &4029646852567947741
PrefabInstance:
  m_ObjectHideFlags: 0
  serializedVersion: 2
  m_Modification:
    m_TransformParent: {fileID: 6762606356656158278}
    m_Modifications:
    - target: {fileID: 1676386214050148, guid: 1ff20b56231edc24a90abfe54218f304, type: 3}
      propertyPath: m_StaticEditorFlags
      value: 4294967295
      objectReference: {fileID: 0}
    - target: {fileID: 1676386214050148, guid: 1ff20b56231edc24a90abfe54218f304, type: 3}
      propertyPath: m_IsActive
      value: 1
      objectReference: {fileID: 0}
    - target: {fileID: 4641870913740202, guid: 1ff20b56231edc24a90abfe54218f304, type: 3}
      propertyPath: m_LocalPosition.x
      value: 2.0479982
      objectReference: {fileID: 0}
    - target: {fileID: 4641870913740202, guid: 1ff20b56231edc24a90abfe54218f304, type: 3}
      propertyPath: m_LocalPosition.y
      value: 1.445
      objectReference: {fileID: 0}
    - target: {fileID: 4641870913740202, guid: 1ff20b56231edc24a90abfe54218f304, type: 3}
      propertyPath: m_LocalPosition.z
      value: -0.3590016
      objectReference: {fileID: 0}
    - target: {fileID: 4641870913740202, guid: 1ff20b56231edc24a90abfe54218f304, type: 3}
      propertyPath: m_LocalRotation.x
      value: -0
      objectReference: {fileID: 0}
    - target: {fileID: 4641870913740202, guid: 1ff20b56231edc24a90abfe54218f304, type: 3}
      propertyPath: m_LocalRotation.y
      value: 1
      objectReference: {fileID: 0}
    - target: {fileID: 4641870913740202, guid: 1ff20b56231edc24a90abfe54218f304, type: 3}
      propertyPath: m_LocalRotation.z
      value: -0
      objectReference: {fileID: 0}
    - target: {fileID: 4641870913740202, guid: 1ff20b56231edc24a90abfe54218f304, type: 3}
      propertyPath: m_LocalRotation.w
      value: 0
      objectReference: {fileID: 0}
    - target: {fileID: 4641870913740202, guid: 1ff20b56231edc24a90abfe54218f304, type: 3}
      propertyPath: m_RootOrder
      value: 1
      objectReference: {fileID: 0}
    m_RemovedComponents: []
  m_SourcePrefab: {fileID: 100100000, guid: 1ff20b56231edc24a90abfe54218f304, type: 3}
--- !u!4 &4034191414538355831 stripped
Transform:
  m_CorrespondingSourceObject: {fileID: 4641870913740202, guid: 1ff20b56231edc24a90abfe54218f304,
    type: 3}
  m_PrefabInstance: {fileID: 4029646852567947741}
  m_PrefabAsset: {fileID: 0}
--- !u!1001 &4439567985571187122
PrefabInstance:
  m_ObjectHideFlags: 0
  serializedVersion: 2
  m_Modification:
    m_TransformParent: {fileID: 6762606356656158278}
    m_Modifications:
    - target: {fileID: 1676386214050148, guid: 1ff20b56231edc24a90abfe54218f304, type: 3}
      propertyPath: m_StaticEditorFlags
      value: 4294967295
      objectReference: {fileID: 0}
    - target: {fileID: 1676386214050148, guid: 1ff20b56231edc24a90abfe54218f304, type: 3}
      propertyPath: m_IsActive
      value: 1
      objectReference: {fileID: 0}
    - target: {fileID: 4641870913740202, guid: 1ff20b56231edc24a90abfe54218f304, type: 3}
      propertyPath: m_LocalPosition.x
      value: 0.069000006
      objectReference: {fileID: 0}
    - target: {fileID: 4641870913740202, guid: 1ff20b56231edc24a90abfe54218f304, type: 3}
      propertyPath: m_LocalPosition.y
      value: 3.164
      objectReference: {fileID: 0}
    - target: {fileID: 4641870913740202, guid: 1ff20b56231edc24a90abfe54218f304, type: 3}
      propertyPath: m_LocalPosition.z
      value: -0.165
      objectReference: {fileID: 0}
    - target: {fileID: 4641870913740202, guid: 1ff20b56231edc24a90abfe54218f304, type: 3}
      propertyPath: m_LocalRotation.x
      value: -0
      objectReference: {fileID: 0}
    - target: {fileID: 4641870913740202, guid: 1ff20b56231edc24a90abfe54218f304, type: 3}
      propertyPath: m_LocalRotation.y
      value: -0
      objectReference: {fileID: 0}
    - target: {fileID: 4641870913740202, guid: 1ff20b56231edc24a90abfe54218f304, type: 3}
      propertyPath: m_LocalRotation.z
      value: -0
      objectReference: {fileID: 0}
    - target: {fileID: 4641870913740202, guid: 1ff20b56231edc24a90abfe54218f304, type: 3}
      propertyPath: m_LocalRotation.w
      value: 1
      objectReference: {fileID: 0}
    - target: {fileID: 4641870913740202, guid: 1ff20b56231edc24a90abfe54218f304, type: 3}
      propertyPath: m_RootOrder
      value: 12
      objectReference: {fileID: 0}
    m_RemovedComponents: []
  m_SourcePrefab: {fileID: 100100000, guid: 1ff20b56231edc24a90abfe54218f304, type: 3}
--- !u!4 &4435199345805153304 stripped
Transform:
  m_CorrespondingSourceObject: {fileID: 4641870913740202, guid: 1ff20b56231edc24a90abfe54218f304,
    type: 3}
  m_PrefabInstance: {fileID: 4439567985571187122}
  m_PrefabAsset: {fileID: 0}
--- !u!1001 &4441476922260641705
PrefabInstance:
  m_ObjectHideFlags: 0
  serializedVersion: 2
  m_Modification:
    m_TransformParent: {fileID: 6762606356656158278}
    m_Modifications:
    - target: {fileID: 1053133020398626, guid: 9677fbca960517f428e3d0049d3f5bd3, type: 3}
      propertyPath: m_StaticEditorFlags
      value: 4294967295
      objectReference: {fileID: 0}
    - target: {fileID: 1223568925314682, guid: 9677fbca960517f428e3d0049d3f5bd3, type: 3}
      propertyPath: m_StaticEditorFlags
      value: 4294967295
      objectReference: {fileID: 0}
    - target: {fileID: 1367709747250826, guid: 9677fbca960517f428e3d0049d3f5bd3, type: 3}
      propertyPath: m_StaticEditorFlags
      value: 4294967295
      objectReference: {fileID: 0}
    - target: {fileID: 1367709747250826, guid: 9677fbca960517f428e3d0049d3f5bd3, type: 3}
      propertyPath: m_Name
      value: Bricks_3
      objectReference: {fileID: 0}
    - target: {fileID: 1755129626395106, guid: 9677fbca960517f428e3d0049d3f5bd3, type: 3}
      propertyPath: m_StaticEditorFlags
      value: 4294967295
      objectReference: {fileID: 0}
    - target: {fileID: 1794282305546622, guid: 9677fbca960517f428e3d0049d3f5bd3, type: 3}
      propertyPath: m_StaticEditorFlags
      value: 4294967295
      objectReference: {fileID: 0}
    - target: {fileID: 4360577469669898, guid: 9677fbca960517f428e3d0049d3f5bd3, type: 3}
      propertyPath: m_LocalPosition.x
      value: 0.002
      objectReference: {fileID: 0}
    - target: {fileID: 4360577469669898, guid: 9677fbca960517f428e3d0049d3f5bd3, type: 3}
      propertyPath: m_LocalPosition.z
      value: -0.074
      objectReference: {fileID: 0}
    - target: {fileID: 4996936436343624, guid: 9677fbca960517f428e3d0049d3f5bd3, type: 3}
      propertyPath: m_LocalPosition.x
      value: 1.023
      objectReference: {fileID: 0}
    - target: {fileID: 4996936436343624, guid: 9677fbca960517f428e3d0049d3f5bd3, type: 3}
      propertyPath: m_LocalPosition.y
      value: 2.89
      objectReference: {fileID: 0}
    - target: {fileID: 4996936436343624, guid: 9677fbca960517f428e3d0049d3f5bd3, type: 3}
      propertyPath: m_LocalPosition.z
      value: -0.46999976
      objectReference: {fileID: 0}
    - target: {fileID: 4996936436343624, guid: 9677fbca960517f428e3d0049d3f5bd3, type: 3}
      propertyPath: m_LocalRotation.x
      value: 0.015565323
      objectReference: {fileID: 0}
    - target: {fileID: 4996936436343624, guid: 9677fbca960517f428e3d0049d3f5bd3, type: 3}
      propertyPath: m_LocalRotation.y
      value: -0.9998102
      objectReference: {fileID: 0}
    - target: {fileID: 4996936436343624, guid: 9677fbca960517f428e3d0049d3f5bd3, type: 3}
      propertyPath: m_LocalRotation.z
      value: -0.0001824341
      objectReference: {fileID: 0}
    - target: {fileID: 4996936436343624, guid: 9677fbca960517f428e3d0049d3f5bd3, type: 3}
      propertyPath: m_LocalRotation.w
      value: 0.0117172
      objectReference: {fileID: 0}
    - target: {fileID: 4996936436343624, guid: 9677fbca960517f428e3d0049d3f5bd3, type: 3}
      propertyPath: m_RootOrder
      value: 4
      objectReference: {fileID: 0}
    - target: {fileID: 4996936436343624, guid: 9677fbca960517f428e3d0049d3f5bd3, type: 3}
      propertyPath: m_LocalScale.x
      value: 1
      objectReference: {fileID: 0}
    - target: {fileID: 4996936436343624, guid: 9677fbca960517f428e3d0049d3f5bd3, type: 3}
      propertyPath: m_LocalScale.y
      value: 1
      objectReference: {fileID: 0}
    - target: {fileID: 4996936436343624, guid: 9677fbca960517f428e3d0049d3f5bd3, type: 3}
      propertyPath: m_LocalScale.z
      value: 1
      objectReference: {fileID: 0}
    - target: {fileID: 4996936436343624, guid: 9677fbca960517f428e3d0049d3f5bd3, type: 3}
      propertyPath: m_LocalEulerAnglesHint.y
      value: 1.343
      objectReference: {fileID: 0}
    m_RemovedComponents: []
  m_SourcePrefab: {fileID: 100100000, guid: 9677fbca960517f428e3d0049d3f5bd3, type: 3}
--- !u!4 &4445768706495100129 stripped
Transform:
  m_CorrespondingSourceObject: {fileID: 4996936436343624, guid: 9677fbca960517f428e3d0049d3f5bd3,
    type: 3}
  m_PrefabInstance: {fileID: 4441476922260641705}
  m_PrefabAsset: {fileID: 0}
--- !u!1001 &4517906969713412935
PrefabInstance:
  m_ObjectHideFlags: 0
  serializedVersion: 2
  m_Modification:
    m_TransformParent: {fileID: 6762606356656158278}
    m_Modifications:
    - target: {fileID: 1226241864366554, guid: 7e95eee8a23b50c4bb080b9211cf2cb1, type: 3}
      propertyPath: m_StaticEditorFlags
      value: 4294967295
      objectReference: {fileID: 0}
    - target: {fileID: 1226241864366554, guid: 7e95eee8a23b50c4bb080b9211cf2cb1, type: 3}
      propertyPath: m_Name
      value: Bricks_2 (2)
      objectReference: {fileID: 0}
    - target: {fileID: 1226241864366554, guid: 7e95eee8a23b50c4bb080b9211cf2cb1, type: 3}
      propertyPath: m_IsActive
      value: 1
      objectReference: {fileID: 0}
    - target: {fileID: 1226617200659296, guid: 7e95eee8a23b50c4bb080b9211cf2cb1, type: 3}
      propertyPath: m_StaticEditorFlags
      value: 4294967295
      objectReference: {fileID: 0}
    - target: {fileID: 1400363227395124, guid: 7e95eee8a23b50c4bb080b9211cf2cb1, type: 3}
      propertyPath: m_StaticEditorFlags
      value: 4294967295
      objectReference: {fileID: 0}
    - target: {fileID: 1831424463735612, guid: 7e95eee8a23b50c4bb080b9211cf2cb1, type: 3}
      propertyPath: m_StaticEditorFlags
      value: 4294967295
      objectReference: {fileID: 0}
    - target: {fileID: 1845775888018832, guid: 7e95eee8a23b50c4bb080b9211cf2cb1, type: 3}
      propertyPath: m_StaticEditorFlags
      value: 4294967295
      objectReference: {fileID: 0}
    - target: {fileID: 4830491187690696, guid: 7e95eee8a23b50c4bb080b9211cf2cb1, type: 3}
      propertyPath: m_LocalPosition.x
      value: -2.15
      objectReference: {fileID: 0}
    - target: {fileID: 4830491187690696, guid: 7e95eee8a23b50c4bb080b9211cf2cb1, type: 3}
      propertyPath: m_LocalPosition.y
      value: -0.001
      objectReference: {fileID: 0}
    - target: {fileID: 4830491187690696, guid: 7e95eee8a23b50c4bb080b9211cf2cb1, type: 3}
      propertyPath: m_LocalPosition.z
      value: -0.123
      objectReference: {fileID: 0}
    - target: {fileID: 4830491187690696, guid: 7e95eee8a23b50c4bb080b9211cf2cb1, type: 3}
      propertyPath: m_LocalRotation.x
      value: -1.8998135e-11
      objectReference: {fileID: 0}
    - target: {fileID: 4830491187690696, guid: 7e95eee8a23b50c4bb080b9211cf2cb1, type: 3}
      propertyPath: m_LocalRotation.y
      value: 1
      objectReference: {fileID: 0}
    - target: {fileID: 4830491187690696, guid: 7e95eee8a23b50c4bb080b9211cf2cb1, type: 3}
      propertyPath: m_LocalRotation.z
      value: -0.00000008146038
      objectReference: {fileID: 0}
    - target: {fileID: 4830491187690696, guid: 7e95eee8a23b50c4bb080b9211cf2cb1, type: 3}
      propertyPath: m_LocalRotation.w
      value: -0.00023320314
      objectReference: {fileID: 0}
    - target: {fileID: 4830491187690696, guid: 7e95eee8a23b50c4bb080b9211cf2cb1, type: 3}
      propertyPath: m_RootOrder
      value: 13
      objectReference: {fileID: 0}
    - target: {fileID: 4830491187690696, guid: 7e95eee8a23b50c4bb080b9211cf2cb1, type: 3}
      propertyPath: m_LocalScale.x
      value: 1
      objectReference: {fileID: 0}
    - target: {fileID: 4830491187690696, guid: 7e95eee8a23b50c4bb080b9211cf2cb1, type: 3}
      propertyPath: m_LocalScale.z
      value: 1
      objectReference: {fileID: 0}
    - target: {fileID: 4830491187690696, guid: 7e95eee8a23b50c4bb080b9211cf2cb1, type: 3}
      propertyPath: m_LocalEulerAnglesHint.y
      value: -539.973
      objectReference: {fileID: 0}
    m_RemovedComponents: []
  m_SourcePrefab: {fileID: 100100000, guid: 7e95eee8a23b50c4bb080b9211cf2cb1, type: 3}
--- !u!4 &4513729693837604751 stripped
Transform:
  m_CorrespondingSourceObject: {fileID: 4830491187690696, guid: 7e95eee8a23b50c4bb080b9211cf2cb1,
    type: 3}
  m_PrefabInstance: {fileID: 4517906969713412935}
  m_PrefabAsset: {fileID: 0}
--- !u!1001 &5165564176346789066
PrefabInstance:
  m_ObjectHideFlags: 0
  serializedVersion: 2
  m_Modification:
    m_TransformParent: {fileID: 6762606356656158278}
    m_Modifications:
    - target: {fileID: 1676386214050148, guid: 1ff20b56231edc24a90abfe54218f304, type: 3}
      propertyPath: m_StaticEditorFlags
      value: 4294967295
      objectReference: {fileID: 0}
    - target: {fileID: 1676386214050148, guid: 1ff20b56231edc24a90abfe54218f304, type: 3}
      propertyPath: m_IsActive
      value: 1
      objectReference: {fileID: 0}
    - target: {fileID: 1676386214050148, guid: 1ff20b56231edc24a90abfe54218f304, type: 3}
      propertyPath: m_Name
      value: Stone_1 (2)
      objectReference: {fileID: 0}
    - target: {fileID: 4641870913740202, guid: 1ff20b56231edc24a90abfe54218f304, type: 3}
      propertyPath: m_LocalPosition.x
      value: -1.7399998
      objectReference: {fileID: 0}
    - target: {fileID: 4641870913740202, guid: 1ff20b56231edc24a90abfe54218f304, type: 3}
      propertyPath: m_LocalPosition.y
      value: 2.165
      objectReference: {fileID: 0}
    - target: {fileID: 4641870913740202, guid: 1ff20b56231edc24a90abfe54218f304, type: 3}
      propertyPath: m_LocalPosition.z
      value: -0.376
      objectReference: {fileID: 0}
    - target: {fileID: 4641870913740202, guid: 1ff20b56231edc24a90abfe54218f304, type: 3}
      propertyPath: m_LocalRotation.x
      value: -0
      objectReference: {fileID: 0}
    - target: {fileID: 4641870913740202, guid: 1ff20b56231edc24a90abfe54218f304, type: 3}
      propertyPath: m_LocalRotation.y
      value: -0
      objectReference: {fileID: 0}
    - target: {fileID: 4641870913740202, guid: 1ff20b56231edc24a90abfe54218f304, type: 3}
      propertyPath: m_LocalRotation.z
      value: -0
      objectReference: {fileID: 0}
    - target: {fileID: 4641870913740202, guid: 1ff20b56231edc24a90abfe54218f304, type: 3}
      propertyPath: m_LocalRotation.w
      value: 1
      objectReference: {fileID: 0}
    - target: {fileID: 4641870913740202, guid: 1ff20b56231edc24a90abfe54218f304, type: 3}
      propertyPath: m_RootOrder
      value: 10
      objectReference: {fileID: 0}
    m_RemovedComponents: []
  m_SourcePrefab: {fileID: 100100000, guid: 1ff20b56231edc24a90abfe54218f304, type: 3}
--- !u!4 &5170053764811991392 stripped
Transform:
  m_CorrespondingSourceObject: {fileID: 4641870913740202, guid: 1ff20b56231edc24a90abfe54218f304,
    type: 3}
  m_PrefabInstance: {fileID: 5165564176346789066}
  m_PrefabAsset: {fileID: 0}
--- !u!1001 &5566662027241893535
PrefabInstance:
  m_ObjectHideFlags: 0
  serializedVersion: 2
  m_Modification:
    m_TransformParent: {fileID: 6762606356656158278}
    m_Modifications:
    - target: {fileID: 1676386214050148, guid: 1ff20b56231edc24a90abfe54218f304, type: 3}
      propertyPath: m_StaticEditorFlags
      value: 4294967295
      objectReference: {fileID: 0}
    - target: {fileID: 1676386214050148, guid: 1ff20b56231edc24a90abfe54218f304, type: 3}
      propertyPath: m_IsActive
      value: 1
      objectReference: {fileID: 0}
    - target: {fileID: 1676386214050148, guid: 1ff20b56231edc24a90abfe54218f304, type: 3}
      propertyPath: m_Name
      value: Stone_1 (3)
      objectReference: {fileID: 0}
    - target: {fileID: 4641870913740202, guid: 1ff20b56231edc24a90abfe54218f304, type: 3}
      propertyPath: m_LocalPosition.x
      value: 1.068
      objectReference: {fileID: 0}
    - target: {fileID: 4641870913740202, guid: 1ff20b56231edc24a90abfe54218f304, type: 3}
      propertyPath: m_LocalPosition.y
      value: 3.278
      objectReference: {fileID: 0}
    - target: {fileID: 4641870913740202, guid: 1ff20b56231edc24a90abfe54218f304, type: 3}
      propertyPath: m_LocalPosition.z
      value: -0.175
      objectReference: {fileID: 0}
    - target: {fileID: 4641870913740202, guid: 1ff20b56231edc24a90abfe54218f304, type: 3}
      propertyPath: m_LocalRotation.x
      value: -0
      objectReference: {fileID: 0}
    - target: {fileID: 4641870913740202, guid: 1ff20b56231edc24a90abfe54218f304, type: 3}
      propertyPath: m_LocalRotation.y
      value: -0
      objectReference: {fileID: 0}
    - target: {fileID: 4641870913740202, guid: 1ff20b56231edc24a90abfe54218f304, type: 3}
      propertyPath: m_LocalRotation.z
      value: -0
      objectReference: {fileID: 0}
    - target: {fileID: 4641870913740202, guid: 1ff20b56231edc24a90abfe54218f304, type: 3}
      propertyPath: m_LocalRotation.w
      value: 1
      objectReference: {fileID: 0}
    - target: {fileID: 4641870913740202, guid: 1ff20b56231edc24a90abfe54218f304, type: 3}
      propertyPath: m_RootOrder
      value: 9
      objectReference: {fileID: 0}
    m_RemovedComponents: []
  m_SourcePrefab: {fileID: 100100000, guid: 1ff20b56231edc24a90abfe54218f304, type: 3}
--- !u!4 &5571159855340761909 stripped
Transform:
  m_CorrespondingSourceObject: {fileID: 4641870913740202, guid: 1ff20b56231edc24a90abfe54218f304,
    type: 3}
  m_PrefabInstance: {fileID: 5566662027241893535}
  m_PrefabAsset: {fileID: 0}
--- !u!1001 &5576950533827907316
PrefabInstance:
  m_ObjectHideFlags: 0
  serializedVersion: 2
  m_Modification:
    m_TransformParent: {fileID: 6762606356656158278}
    m_Modifications:
    - target: {fileID: 1226241864366554, guid: 7e95eee8a23b50c4bb080b9211cf2cb1, type: 3}
      propertyPath: m_StaticEditorFlags
      value: 4294967295
      objectReference: {fileID: 0}
    - target: {fileID: 1226617200659296, guid: 7e95eee8a23b50c4bb080b9211cf2cb1, type: 3}
      propertyPath: m_StaticEditorFlags
      value: 4294967295
      objectReference: {fileID: 0}
    - target: {fileID: 1400363227395124, guid: 7e95eee8a23b50c4bb080b9211cf2cb1, type: 3}
      propertyPath: m_StaticEditorFlags
      value: 4294967295
      objectReference: {fileID: 0}
    - target: {fileID: 1831424463735612, guid: 7e95eee8a23b50c4bb080b9211cf2cb1, type: 3}
      propertyPath: m_StaticEditorFlags
      value: 4294967295
      objectReference: {fileID: 0}
    - target: {fileID: 1845775888018832, guid: 7e95eee8a23b50c4bb080b9211cf2cb1, type: 3}
      propertyPath: m_StaticEditorFlags
      value: 4294967295
      objectReference: {fileID: 0}
    - target: {fileID: 4830491187690696, guid: 7e95eee8a23b50c4bb080b9211cf2cb1, type: 3}
      propertyPath: m_LocalPosition.x
      value: 2.03
      objectReference: {fileID: 0}
    - target: {fileID: 4830491187690696, guid: 7e95eee8a23b50c4bb080b9211cf2cb1, type: 3}
      propertyPath: m_LocalPosition.y
      value: 0
      objectReference: {fileID: 0}
    - target: {fileID: 4830491187690696, guid: 7e95eee8a23b50c4bb080b9211cf2cb1, type: 3}
      propertyPath: m_LocalPosition.z
      value: -0.07
      objectReference: {fileID: 0}
    - target: {fileID: 4830491187690696, guid: 7e95eee8a23b50c4bb080b9211cf2cb1, type: 3}
      propertyPath: m_LocalRotation.x
      value: -0
      objectReference: {fileID: 0}
    - target: {fileID: 4830491187690696, guid: 7e95eee8a23b50c4bb080b9211cf2cb1, type: 3}
      propertyPath: m_LocalRotation.y
      value: -0
      objectReference: {fileID: 0}
    - target: {fileID: 4830491187690696, guid: 7e95eee8a23b50c4bb080b9211cf2cb1, type: 3}
      propertyPath: m_LocalRotation.z
      value: -0
      objectReference: {fileID: 0}
    - target: {fileID: 4830491187690696, guid: 7e95eee8a23b50c4bb080b9211cf2cb1, type: 3}
      propertyPath: m_LocalRotation.w
      value: 1
      objectReference: {fileID: 0}
    - target: {fileID: 4830491187690696, guid: 7e95eee8a23b50c4bb080b9211cf2cb1, type: 3}
      propertyPath: m_RootOrder
      value: 14
      objectReference: {fileID: 0}
    - target: {fileID: 4830491187690696, guid: 7e95eee8a23b50c4bb080b9211cf2cb1, type: 3}
      propertyPath: m_LocalScale.x
      value: 1
      objectReference: {fileID: 0}
    - target: {fileID: 4830491187690696, guid: 7e95eee8a23b50c4bb080b9211cf2cb1, type: 3}
      propertyPath: m_LocalScale.z
      value: 1
      objectReference: {fileID: 0}
    m_RemovedComponents: []
  m_SourcePrefab: {fileID: 100100000, guid: 7e95eee8a23b50c4bb080b9211cf2cb1, type: 3}
--- !u!4 &5581199879095054908 stripped
Transform:
  m_CorrespondingSourceObject: {fileID: 4830491187690696, guid: 7e95eee8a23b50c4bb080b9211cf2cb1,
    type: 3}
  m_PrefabInstance: {fileID: 5576950533827907316}
  m_PrefabAsset: {fileID: 0}
--- !u!1001 &6069192147380051790
PrefabInstance:
  m_ObjectHideFlags: 0
  serializedVersion: 2
  m_Modification:
    m_TransformParent: {fileID: 6762606356656158278}
    m_Modifications:
    - target: {fileID: 1676386214050148, guid: 1ff20b56231edc24a90abfe54218f304, type: 3}
      propertyPath: m_StaticEditorFlags
      value: 4294967295
      objectReference: {fileID: 0}
    - target: {fileID: 1676386214050148, guid: 1ff20b56231edc24a90abfe54218f304, type: 3}
      propertyPath: m_IsActive
      value: 1
      objectReference: {fileID: 0}
    - target: {fileID: 1676386214050148, guid: 1ff20b56231edc24a90abfe54218f304, type: 3}
      propertyPath: m_Name
      value: Stone_1 (8)
      objectReference: {fileID: 0}
    - target: {fileID: 4641870913740202, guid: 1ff20b56231edc24a90abfe54218f304, type: 3}
      propertyPath: m_LocalPosition.x
      value: -0.38899994
      objectReference: {fileID: 0}
    - target: {fileID: 4641870913740202, guid: 1ff20b56231edc24a90abfe54218f304, type: 3}
      propertyPath: m_LocalPosition.y
      value: 3.374
      objectReference: {fileID: 0}
    - target: {fileID: 4641870913740202, guid: 1ff20b56231edc24a90abfe54218f304, type: 3}
      propertyPath: m_LocalPosition.z
      value: -0.381
      objectReference: {fileID: 0}
    - target: {fileID: 4641870913740202, guid: 1ff20b56231edc24a90abfe54218f304, type: 3}
      propertyPath: m_LocalRotation.x
      value: -0
      objectReference: {fileID: 0}
    - target: {fileID: 4641870913740202, guid: 1ff20b56231edc24a90abfe54218f304, type: 3}
      propertyPath: m_LocalRotation.y
      value: -0
      objectReference: {fileID: 0}
    - target: {fileID: 4641870913740202, guid: 1ff20b56231edc24a90abfe54218f304, type: 3}
      propertyPath: m_LocalRotation.z
      value: -0
      objectReference: {fileID: 0}
    - target: {fileID: 4641870913740202, guid: 1ff20b56231edc24a90abfe54218f304, type: 3}
      propertyPath: m_LocalRotation.w
      value: 1
      objectReference: {fileID: 0}
    - target: {fileID: 4641870913740202, guid: 1ff20b56231edc24a90abfe54218f304, type: 3}
      propertyPath: m_RootOrder
      value: 0
      objectReference: {fileID: 0}
    m_RemovedComponents: []
  m_SourcePrefab: {fileID: 100100000, guid: 1ff20b56231edc24a90abfe54218f304, type: 3}
--- !u!4 &6064774042408551140 stripped
Transform:
  m_CorrespondingSourceObject: {fileID: 4641870913740202, guid: 1ff20b56231edc24a90abfe54218f304,
    type: 3}
  m_PrefabInstance: {fileID: 6069192147380051790}
  m_PrefabAsset: {fileID: 0}
--- !u!1001 &7403440537230408095
PrefabInstance:
  m_ObjectHideFlags: 0
  serializedVersion: 2
  m_Modification:
    m_TransformParent: {fileID: 6762606356656158278}
    m_Modifications:
    - target: {fileID: 1226241864366554, guid: 7e95eee8a23b50c4bb080b9211cf2cb1, type: 3}
      propertyPath: m_StaticEditorFlags
      value: 4294967295
      objectReference: {fileID: 0}
    - target: {fileID: 1226241864366554, guid: 7e95eee8a23b50c4bb080b9211cf2cb1, type: 3}
      propertyPath: m_Name
      value: Bricks_2 (1)
      objectReference: {fileID: 0}
    - target: {fileID: 1226617200659296, guid: 7e95eee8a23b50c4bb080b9211cf2cb1, type: 3}
      propertyPath: m_StaticEditorFlags
      value: 4294967295
      objectReference: {fileID: 0}
    - target: {fileID: 1400363227395124, guid: 7e95eee8a23b50c4bb080b9211cf2cb1, type: 3}
      propertyPath: m_StaticEditorFlags
      value: 4294967295
      objectReference: {fileID: 0}
    - target: {fileID: 1831424463735612, guid: 7e95eee8a23b50c4bb080b9211cf2cb1, type: 3}
      propertyPath: m_StaticEditorFlags
      value: 4294967295
      objectReference: {fileID: 0}
    - target: {fileID: 1845775888018832, guid: 7e95eee8a23b50c4bb080b9211cf2cb1, type: 3}
      propertyPath: m_StaticEditorFlags
      value: 4294967295
      objectReference: {fileID: 0}
    - target: {fileID: 4830491187690696, guid: 7e95eee8a23b50c4bb080b9211cf2cb1, type: 3}
      propertyPath: m_LocalPosition.x
      value: 2.1009982
      objectReference: {fileID: 0}
    - target: {fileID: 4830491187690696, guid: 7e95eee8a23b50c4bb080b9211cf2cb1, type: 3}
      propertyPath: m_LocalPosition.y
      value: -0.001
      objectReference: {fileID: 0}
    - target: {fileID: 4830491187690696, guid: 7e95eee8a23b50c4bb080b9211cf2cb1, type: 3}
      propertyPath: m_LocalPosition.z
      value: -0.489
      objectReference: {fileID: 0}
    - target: {fileID: 4830491187690696, guid: 7e95eee8a23b50c4bb080b9211cf2cb1, type: 3}
      propertyPath: m_LocalRotation.x
      value: 1.8764544e-11
      objectReference: {fileID: 0}
    - target: {fileID: 4830491187690696, guid: 7e95eee8a23b50c4bb080b9211cf2cb1, type: 3}
      propertyPath: m_LocalRotation.y
      value: -1
      objectReference: {fileID: 0}
    - target: {fileID: 4830491187690696, guid: 7e95eee8a23b50c4bb080b9211cf2cb1, type: 3}
      propertyPath: m_LocalRotation.z
      value: 0.00000008146038
      objectReference: {fileID: 0}
    - target: {fileID: 4830491187690696, guid: 7e95eee8a23b50c4bb080b9211cf2cb1, type: 3}
      propertyPath: m_LocalRotation.w
      value: 0.00023037192
      objectReference: {fileID: 0}
    - target: {fileID: 4830491187690696, guid: 7e95eee8a23b50c4bb080b9211cf2cb1, type: 3}
      propertyPath: m_RootOrder
      value: 3
      objectReference: {fileID: 0}
    - target: {fileID: 4830491187690696, guid: 7e95eee8a23b50c4bb080b9211cf2cb1, type: 3}
      propertyPath: m_LocalScale.x
      value: 1
      objectReference: {fileID: 0}
    - target: {fileID: 4830491187690696, guid: 7e95eee8a23b50c4bb080b9211cf2cb1, type: 3}
      propertyPath: m_LocalScale.z
      value: 1
      objectReference: {fileID: 0}
    - target: {fileID: 4830491187690696, guid: 7e95eee8a23b50c4bb080b9211cf2cb1, type: 3}
      propertyPath: m_LocalEulerAnglesHint.y
      value: -359.974
      objectReference: {fileID: 0}
    m_RemovedComponents: []
  m_SourcePrefab: {fileID: 100100000, guid: 7e95eee8a23b50c4bb080b9211cf2cb1, type: 3}
--- !u!4 &7399243487885739351 stripped
Transform:
  m_CorrespondingSourceObject: {fileID: 4830491187690696, guid: 7e95eee8a23b50c4bb080b9211cf2cb1,
    type: 3}
  m_PrefabInstance: {fileID: 7403440537230408095}
  m_PrefabAsset: {fileID: 0}
--- !u!1001 &7966323995507207513
PrefabInstance:
  m_ObjectHideFlags: 0
  serializedVersion: 2
  m_Modification:
    m_TransformParent: {fileID: 8002534066676332453}
    m_Modifications:
    - target: {fileID: 1234151015514102, guid: ef97f005d6fb4674ca850fdf815060e0, type: 3}
      propertyPath: m_StaticEditorFlags
      value: 4294967295
      objectReference: {fileID: 0}
    - target: {fileID: 1643423463691506, guid: ef97f005d6fb4674ca850fdf815060e0, type: 3}
      propertyPath: m_StaticEditorFlags
      value: 4294967295
      objectReference: {fileID: 0}
    - target: {fileID: 1840577562409520, guid: ef97f005d6fb4674ca850fdf815060e0, type: 3}
      propertyPath: m_StaticEditorFlags
      value: 4294967295
      objectReference: {fileID: 0}
    - target: {fileID: 1919524162283106, guid: ef97f005d6fb4674ca850fdf815060e0, type: 3}
      propertyPath: m_StaticEditorFlags
      value: 4294967295
      objectReference: {fileID: 0}
    - target: {fileID: 1996884832359270, guid: ef97f005d6fb4674ca850fdf815060e0, type: 3}
      propertyPath: m_StaticEditorFlags
      value: 4294967295
      objectReference: {fileID: 0}
    - target: {fileID: 1996884832359270, guid: ef97f005d6fb4674ca850fdf815060e0, type: 3}
      propertyPath: m_Name
      value: Debris_Pile_1
      objectReference: {fileID: 0}
    - target: {fileID: 4122659919769344, guid: ef97f005d6fb4674ca850fdf815060e0, type: 3}
      propertyPath: m_LocalPosition.x
      value: 1.67
      objectReference: {fileID: 0}
    - target: {fileID: 4122659919769344, guid: ef97f005d6fb4674ca850fdf815060e0, type: 3}
      propertyPath: m_LocalPosition.y
      value: -0.062
      objectReference: {fileID: 0}
    - target: {fileID: 4122659919769344, guid: ef97f005d6fb4674ca850fdf815060e0, type: 3}
      propertyPath: m_LocalPosition.z
      value: 0.66
      objectReference: {fileID: 0}
    - target: {fileID: 4122659919769344, guid: ef97f005d6fb4674ca850fdf815060e0, type: 3}
      propertyPath: m_LocalRotation.x
      value: 0.000000027337176
      objectReference: {fileID: 0}
    - target: {fileID: 4122659919769344, guid: ef97f005d6fb4674ca850fdf815060e0, type: 3}
      propertyPath: m_LocalRotation.y
      value: 0.942009
      objectReference: {fileID: 0}
    - target: {fileID: 4122659919769344, guid: ef97f005d6fb4674ca850fdf815060e0, type: 3}
      propertyPath: m_LocalRotation.z
      value: -0.00000007673652
      objectReference: {fileID: 0}
    - target: {fileID: 4122659919769344, guid: ef97f005d6fb4674ca850fdf815060e0, type: 3}
      propertyPath: m_LocalRotation.w
      value: 0.3355877
      objectReference: {fileID: 0}
    - target: {fileID: 4122659919769344, guid: ef97f005d6fb4674ca850fdf815060e0, type: 3}
      propertyPath: m_RootOrder
      value: 2
      objectReference: {fileID: 0}
    - target: {fileID: 4620604245218228, guid: ef97f005d6fb4674ca850fdf815060e0, type: 3}
      propertyPath: m_LocalPosition.x
      value: 0
      objectReference: {fileID: 0}
    - target: {fileID: 4620604245218228, guid: ef97f005d6fb4674ca850fdf815060e0, type: 3}
      propertyPath: m_LocalPosition.y
      value: -0
      objectReference: {fileID: 0}
    - target: {fileID: 4620604245218228, guid: ef97f005d6fb4674ca850fdf815060e0, type: 3}
      propertyPath: m_LocalPosition.z
      value: 0
      objectReference: {fileID: 0}
    - target: {fileID: 64956825218789810, guid: ef97f005d6fb4674ca850fdf815060e0,
        type: 3}
      propertyPath: m_Enabled
      value: 0
      objectReference: {fileID: 0}
    m_RemovedComponents: []
  m_SourcePrefab: {fileID: 100100000, guid: ef97f005d6fb4674ca850fdf815060e0, type: 3}
--- !u!4 &7962563148465865305 stripped
Transform:
  m_CorrespondingSourceObject: {fileID: 4122659919769344, guid: ef97f005d6fb4674ca850fdf815060e0,
    type: 3}
  m_PrefabInstance: {fileID: 7966323995507207513}
  m_PrefabAsset: {fileID: 0}
