%YAML 1.1
%TAG !u! tag:unity3d.com,2011:
--- !u!1 &2405726187560460582
GameObject:
  m_ObjectHideFlags: 0
  m_CorrespondingSourceObject: {fileID: 0}
  m_PrefabInstance: {fileID: 0}
  m_PrefabAsset: {fileID: 0}
  serializedVersion: 6
  m_Component:
  - component: {fileID: 3209747037419931719}
  m_Layer: 0
  m_Name: Slim_Head_Capitel
  m_TagString: Untagged
  m_Icon: {fileID: 0}
  m_NavMeshLayer: 0
  m_StaticEditorFlags: 0
  m_IsActive: 1
--- !u!4 &3209747037419931719
Transform:
  m_ObjectHideFlags: 0
  m_CorrespondingSourceObject: {fileID: 0}
  m_PrefabInstance: {fileID: 0}
  m_PrefabAsset: {fileID: 0}
  m_GameObject: {fileID: 2405726187560460582}
  m_LocalRotation: {x: -0, y: -0, z: -0, w: 1}
  m_LocalPosition: {x: 0, y: 4.5, z: 0}
  m_LocalScale: {x: 1, y: 1, z: 1}
  m_Children:
  - {fileID: 6175968689722330991}
  - {fileID: 501741788233464082}
  - {fileID: 2590826112438084808}
  m_Father: {fileID: 0}
  m_RootOrder: 0
  m_LocalEulerAnglesHint: {x: 0, y: 0, z: 0}
--- !u!1001 &497586579429903388
PrefabInstance:
  m_ObjectHideFlags: 0
  serializedVersion: 2
  m_Modification:
    m_TransformParent: {fileID: 3209747037419931719}
    m_Modifications:
    - target: {fileID: 1428643807487378, guid: da200f16d782a284cb5a1b9f6bc6233e, type: 3}
      propertyPath: m_Name
      value: Disk_2
      objectReference: {fileID: 0}
    - target: {fileID: 1428643807487378, guid: da200f16d782a284cb5a1b9f6bc6233e, type: 3}
      propertyPath: m_StaticEditorFlags
      value: 4294967295
      objectReference: {fileID: 0}
    - target: {fileID: 1476864447438940, guid: da200f16d782a284cb5a1b9f6bc6233e, type: 3}
      propertyPath: m_StaticEditorFlags
      value: 4294967295
      objectReference: {fileID: 0}
    - target: {fileID: 1834899383866008, guid: da200f16d782a284cb5a1b9f6bc6233e, type: 3}
      propertyPath: m_StaticEditorFlags
      value: 4294967295
      objectReference: {fileID: 0}
    - target: {fileID: 4858896761238798, guid: da200f16d782a284cb5a1b9f6bc6233e, type: 3}
      propertyPath: m_LocalPosition.x
      value: 0
      objectReference: {fileID: 0}
    - target: {fileID: 4858896761238798, guid: da200f16d782a284cb5a1b9f6bc6233e, type: 3}
      propertyPath: m_LocalPosition.y
      value: 0.4
      objectReference: {fileID: 0}
    - target: {fileID: 4858896761238798, guid: da200f16d782a284cb5a1b9f6bc6233e, type: 3}
      propertyPath: m_LocalPosition.z
      value: 0
      objectReference: {fileID: 0}
    - target: {fileID: 4858896761238798, guid: da200f16d782a284cb5a1b9f6bc6233e, type: 3}
      propertyPath: m_LocalRotation.x
      value: -1
      objectReference: {fileID: 0}
    - target: {fileID: 4858896761238798, guid: da200f16d782a284cb5a1b9f6bc6233e, type: 3}
      propertyPath: m_LocalRotation.y
      value: -0.0000021017233
      objectReference: {fileID: 0}
    - target: {fileID: 4858896761238798, guid: da200f16d782a284cb5a1b9f6bc6233e, type: 3}
      propertyPath: m_LocalRotation.z
      value: -0
      objectReference: {fileID: 0}
    - target: {fileID: 4858896761238798, guid: da200f16d782a284cb5a1b9f6bc6233e, type: 3}
      propertyPath: m_LocalRotation.w
      value: 0.0000020708146
      objectReference: {fileID: 0}
    - target: {fileID: 4858896761238798, guid: da200f16d782a284cb5a1b9f6bc6233e, type: 3}
      propertyPath: m_RootOrder
      value: 1
      objectReference: {fileID: 0}
    - target: {fileID: 4858896761238798, guid: da200f16d782a284cb5a1b9f6bc6233e, type: 3}
      propertyPath: m_LocalEulerAnglesHint.x
      value: -180
      objectReference: {fileID: 0}
    - target: {fileID: 4858896761238798, guid: da200f16d782a284cb5a1b9f6bc6233e, type: 3}
      propertyPath: m_LocalEulerAnglesHint.y
      value: 0
      objectReference: {fileID: 0}
    - target: {fileID: 4858896761238798, guid: da200f16d782a284cb5a1b9f6bc6233e, type: 3}
      propertyPath: m_LocalEulerAnglesHint.z
      value: 0
      objectReference: {fileID: 0}
    - target: {fileID: 4858896761238798, guid: da200f16d782a284cb5a1b9f6bc6233e, type: 3}
      propertyPath: m_LocalScale.x
      value: 0.86285
      objectReference: {fileID: 0}
    - target: {fileID: 4858896761238798, guid: da200f16d782a284cb5a1b9f6bc6233e, type: 3}
      propertyPath: m_LocalScale.y
      value: 0.86284953
      objectReference: {fileID: 0}
    - target: {fileID: 4858896761238798, guid: da200f16d782a284cb5a1b9f6bc6233e, type: 3}
      propertyPath: m_LocalScale.z
      value: 0.8628496
      objectReference: {fileID: 0}
    m_RemovedComponents: []
  m_SourcePrefab: {fileID: 100100000, guid: da200f16d782a284cb5a1b9f6bc6233e, type: 3}
--- !u!4 &501741788233464082 stripped
Transform:
  m_CorrespondingSourceObject: {fileID: 4858896761238798, guid: da200f16d782a284cb5a1b9f6bc6233e,
    type: 3}
  m_PrefabInstance: {fileID: 497586579429903388}
  m_PrefabAsset: {fileID: 0}
--- !u!1001 &2592401806544980782
PrefabInstance:
  m_ObjectHideFlags: 0
  serializedVersion: 2
  m_Modification:
    m_TransformParent: {fileID: 3209747037419931719}
    m_Modifications:
    - target: {fileID: 1237553875189342, guid: 8e78ffa3028befb48b730640ac62325b, type: 3}
      propertyPath: m_Name
      value: Frame_1
      objectReference: {fileID: 0}
    - target: {fileID: 1237553875189342, guid: 8e78ffa3028befb48b730640ac62325b, type: 3}
      propertyPath: m_StaticEditorFlags
      value: 4294967295
      objectReference: {fileID: 0}
    - target: {fileID: 1237553875189342, guid: 8e78ffa3028befb48b730640ac62325b, type: 3}
      propertyPath: m_IsActive
      value: 1
      objectReference: {fileID: 0}
    - target: {fileID: 4073872590401510, guid: 8e78ffa3028befb48b730640ac62325b, type: 3}
      propertyPath: m_LocalPosition.x
      value: 0
      objectReference: {fileID: 0}
    - target: {fileID: 4073872590401510, guid: 8e78ffa3028befb48b730640ac62325b, type: 3}
      propertyPath: m_LocalPosition.y
      value: 0.4
      objectReference: {fileID: 0}
    - target: {fileID: 4073872590401510, guid: 8e78ffa3028befb48b730640ac62325b, type: 3}
      propertyPath: m_LocalPosition.z
      value: 0
      objectReference: {fileID: 0}
    - target: {fileID: 4073872590401510, guid: 8e78ffa3028befb48b730640ac62325b, type: 3}
      propertyPath: m_LocalRotation.x
      value: -0.00000001545431
      objectReference: {fileID: 0}
    - target: {fileID: 4073872590401510, guid: 8e78ffa3028befb48b730640ac62325b, type: 3}
      propertyPath: m_LocalRotation.y
      value: -0
      objectReference: {fileID: 0}
    - target: {fileID: 4073872590401510, guid: 8e78ffa3028befb48b730640ac62325b, type: 3}
      propertyPath: m_LocalRotation.z
      value: 0.00000001545431
      objectReference: {fileID: 0}
    - target: {fileID: 4073872590401510, guid: 8e78ffa3028befb48b730640ac62325b, type: 3}
      propertyPath: m_LocalRotation.w
      value: 1
      objectReference: {fileID: 0}
    - target: {fileID: 4073872590401510, guid: 8e78ffa3028befb48b730640ac62325b, type: 3}
      propertyPath: m_RootOrder
      value: 2
      objectReference: {fileID: 0}
    - target: {fileID: 4073872590401510, guid: 8e78ffa3028befb48b730640ac62325b, type: 3}
      propertyPath: m_LocalEulerAnglesHint.x
      value: 0
      objectReference: {fileID: 0}
    - target: {fileID: 4073872590401510, guid: 8e78ffa3028befb48b730640ac62325b, type: 3}
      propertyPath: m_LocalEulerAnglesHint.y
      value: 0
      objectReference: {fileID: 0}
    - target: {fileID: 4073872590401510, guid: 8e78ffa3028befb48b730640ac62325b, type: 3}
      propertyPath: m_LocalEulerAnglesHint.z
      value: 0
      objectReference: {fileID: 0}
    - target: {fileID: 4073872590401510, guid: 8e78ffa3028befb48b730640ac62325b, type: 3}
      propertyPath: m_LocalScale.x
      value: 0.82521296
      objectReference: {fileID: 0}
    - target: {fileID: 4073872590401510, guid: 8e78ffa3028befb48b730640ac62325b, type: 3}
      propertyPath: m_LocalScale.y
      value: 0.8252129
      objectReference: {fileID: 0}
    - target: {fileID: 4073872590401510, guid: 8e78ffa3028befb48b730640ac62325b, type: 3}
      propertyPath: m_LocalScale.z
      value: 0.82521296
      objectReference: {fileID: 0}
    m_RemovedComponents: []
  m_SourcePrefab: {fileID: 100100000, guid: 8e78ffa3028befb48b730640ac62325b, type: 3}
--- !u!4 &2590826112438084808 stripped
Transform:
  m_CorrespondingSourceObject: {fileID: 4073872590401510, guid: 8e78ffa3028befb48b730640ac62325b,
    type: 3}
  m_PrefabInstance: {fileID: 2592401806544980782}
  m_PrefabAsset: {fileID: 0}
--- !u!1001 &6171112267168463457
PrefabInstance:
  m_ObjectHideFlags: 0
  serializedVersion: 2
  m_Modification:
    m_TransformParent: {fileID: 3209747037419931719}
    m_Modifications:
    - target: {fileID: 1428643807487378, guid: da200f16d782a284cb5a1b9f6bc6233e, type: 3}
      propertyPath: m_Name
      value: Disk_2
      objectReference: {fileID: 0}
    - target: {fileID: 1428643807487378, guid: da200f16d782a284cb5a1b9f6bc6233e, type: 3}
      propertyPath: m_StaticEditorFlags
      value: 4294967295
      objectReference: {fileID: 0}
    - target: {fileID: 1476864447438940, guid: da200f16d782a284cb5a1b9f6bc6233e, type: 3}
      propertyPath: m_StaticEditorFlags
      value: 4294967295
      objectReference: {fileID: 0}
    - target: {fileID: 1834899383866008, guid: da200f16d782a284cb5a1b9f6bc6233e, type: 3}
      propertyPath: m_StaticEditorFlags
      value: 4294967295
      objectReference: {fileID: 0}
    - target: {fileID: 4858896761238798, guid: da200f16d782a284cb5a1b9f6bc6233e, type: 3}
      propertyPath: m_LocalPosition.x
      value: 0
      objectReference: {fileID: 0}
    - target: {fileID: 4858896761238798, guid: da200f16d782a284cb5a1b9f6bc6233e, type: 3}
      propertyPath: m_LocalPosition.y
      value: 0
      objectReference: {fileID: 0}
    - target: {fileID: 4858896761238798, guid: da200f16d782a284cb5a1b9f6bc6233e, type: 3}
      propertyPath: m_LocalPosition.z
      value: 0
      objectReference: {fileID: 0}
    - target: {fileID: 4858896761238798, guid: da200f16d782a284cb5a1b9f6bc6233e, type: 3}
      propertyPath: m_LocalRotation.x
      value: -0.0000000049175974
      objectReference: {fileID: 0}
    - target: {fileID: 4858896761238798, guid: da200f16d782a284cb5a1b9f6bc6233e, type: 3}
      propertyPath: m_LocalRotation.y
      value: -0
      objectReference: {fileID: 0}
    - target: {fileID: 4858896761238798, guid: da200f16d782a284cb5a1b9f6bc6233e, type: 3}
      propertyPath: m_LocalRotation.z
      value: 0.000000025991017
      objectReference: {fileID: 0}
    - target: {fileID: 4858896761238798, guid: da200f16d782a284cb5a1b9f6bc6233e, type: 3}
      propertyPath: m_LocalRotation.w
      value: 1
      objectReference: {fileID: 0}
    - target: {fileID: 4858896761238798, guid: da200f16d782a284cb5a1b9f6bc6233e, type: 3}
      propertyPath: m_RootOrder
      value: 0
      objectReference: {fileID: 0}
    - target: {fileID: 4858896761238798, guid: da200f16d782a284cb5a1b9f6bc6233e, type: 3}
      propertyPath: m_LocalEulerAnglesHint.x
      value: 0
      objectReference: {fileID: 0}
    - target: {fileID: 4858896761238798, guid: da200f16d782a284cb5a1b9f6bc6233e, type: 3}
      propertyPath: m_LocalEulerAnglesHint.y
      value: 0
      objectReference: {fileID: 0}
    - target: {fileID: 4858896761238798, guid: da200f16d782a284cb5a1b9f6bc6233e, type: 3}
      propertyPath: m_LocalEulerAnglesHint.z
      value: 0
      objectReference: {fileID: 0}
    - target: {fileID: 4858896761238798, guid: da200f16d782a284cb5a1b9f6bc6233e, type: 3}
      propertyPath: m_LocalScale.x
      value: 0.53382015
      objectReference: {fileID: 0}
    - target: {fileID: 4858896761238798, guid: da200f16d782a284cb5a1b9f6bc6233e, type: 3}
      propertyPath: m_LocalScale.y
      value: 0.53382015
      objectReference: {fileID: 0}
    - target: {fileID: 4858896761238798, guid: da200f16d782a284cb5a1b9f6bc6233e, type: 3}
      propertyPath: m_LocalScale.z
      value: 0.53382015
      objectReference: {fileID: 0}
    m_RemovedComponents: []
  m_SourcePrefab: {fileID: 100100000, guid: da200f16d782a284cb5a1b9f6bc6233e, type: 3}
--- !u!4 &6175968689722330991 stripped
Transform:
  m_CorrespondingSourceObject: {fileID: 4858896761238798, guid: da200f16d782a284cb5a1b9f6bc6233e,
    type: 3}
  m_PrefabInstance: {fileID: 6171112267168463457}
  m_PrefabAsset: {fileID: 0}
