%YAML 1.1
%TAG !u! tag:unity3d.com,2011:
--- !u!1 &563083859935153227
GameObject:
  m_ObjectHideFlags: 0
  m_CorrespondingSourceObject: {fileID: 0}
  m_PrefabInstance: {fileID: 0}
  m_PrefabAsset: {fileID: 0}
  serializedVersion: 6
  m_Component:
  - component: {fileID: 7974306078071600216}
  m_Layer: 0
  m_Name: Ports
  m_TagString: Waypoint
  m_Icon: {fileID: 0}
  m_NavMeshLayer: 0
  m_StaticEditorFlags: 4294967295
  m_IsActive: 1
--- !u!4 &7974306078071600216
Transform:
  m_ObjectHideFlags: 0
  m_CorrespondingSourceObject: {fileID: 0}
  m_PrefabInstance: {fileID: 0}
  m_PrefabAsset: {fileID: 0}
  m_GameObject: {fileID: 563083859935153227}
  m_LocalRotation: {x: 0, y: 0, z: 0, w: 1}
  m_LocalPosition: {x: 0, y: 0, z: 0}
  m_LocalScale: {x: 1, y: 1, z: 1}
  m_Children:
  - {fileID: 7084866982921565459}
  - {fileID: 8417988258486087726}
  - {fileID: 3313558733474061169}
  - {fileID: 3777584241743768456}
  - {fileID: 6841941637940519779}
  - {fileID: 294149839390455783}
  m_Father: {fileID: 9067135372182470700}
  m_RootOrder: 1
  m_LocalEulerAnglesHint: {x: 0, y: 0, z: 0}
--- !u!1 &2652972321712314120
GameObject:
  m_ObjectHideFlags: 0
  m_CorrespondingSourceObject: {fileID: 0}
  m_PrefabInstance: {fileID: 0}
  m_PrefabAsset: {fileID: 0}
  serializedVersion: 6
  m_Component:
  - component: {fileID: 846733826924310817}
  - component: {fileID: 4853991618608737180}
  m_Layer: 0
  m_Name: Parts
  m_TagString: Untagged
  m_Icon: {fileID: 0}
  m_NavMeshLayer: 0
  m_StaticEditorFlags: 4294967295
  m_IsActive: 1
--- !u!4 &846733826924310817
Transform:
  m_ObjectHideFlags: 0
  m_CorrespondingSourceObject: {fileID: 0}
  m_PrefabInstance: {fileID: 0}
  m_PrefabAsset: {fileID: 0}
  m_GameObject: {fileID: 2652972321712314120}
  m_LocalRotation: {x: 0, y: 0, z: 0, w: 1}
  m_LocalPosition: {x: 0, y: 0, z: 0}
  m_LocalScale: {x: 1, y: 1, z: 1}
  m_Children:
  - {fileID: 682059914173533504}
  - {fileID: 1286314347512820918}
  - {fileID: 570645199627315050}
  - {fileID: 8846253454346470611}
  - {fileID: 7518365570918198153}
  m_Father: {fileID: 9067135372182470700}
  m_RootOrder: 0
  m_LocalEulerAnglesHint: {x: 0, y: 0, z: 0}
--- !u!114 &4853991618608737180
MonoBehaviour:
  m_ObjectHideFlags: 0
  m_CorrespondingSourceObject: {fileID: 0}
  m_PrefabInstance: {fileID: 0}
  m_PrefabAsset: {fileID: 0}
  m_GameObject: {fileID: 2652972321712314120}
  m_Enabled: 1
  m_EditorHideFlags: 0
  m_Script: {fileID: 11500000, guid: ca2581d24b58376488a9de9ddb7afa6b, type: 3}
  m_Name: 
  m_EditorClassIdentifier: 
  disabledElements: []
  equivalentElements:
  - elementA: {fileID: 4702133089437688667}
    elementB: {fileID: 1504896654803083869}
    settlement: 0
  - elementA: {fileID: 2305662904835592192}
    elementB: {fileID: 7069140533423306060}
    settlement: 0
  - elementA: {fileID: 202883348486041985}
    elementB: {fileID: 4093249327796681828}
    settlement: 0
  - elementA: {fileID: 8369973992906221200}
    elementB: {fileID: 7381449818320867135}
    settlement: 0
  - elementA: {fileID: 6301639778079551623}
    elementB: {fileID: 7623773814660497892}
    settlement: 0
  - elementA: {fileID: 706470230392128476}
    elementB: {fileID: 2248918753548392181}
    settlement: 0
  - elementA: {fileID: 3052465903465829182}
    elementB: {fileID: 8890027491725176510}
    settlement: 0
  - elementA: {fileID: 8422435552814227557}
    elementB: {fileID: 983876755469679023}
    settlement: 0
--- !u!1 &3230034438446037340
GameObject:
  m_ObjectHideFlags: 0
  m_CorrespondingSourceObject: {fileID: 0}
  m_PrefabInstance: {fileID: 0}
  m_PrefabAsset: {fileID: 0}
  serializedVersion: 6
  m_Component:
  - component: {fileID: 3777584241743768456}
  - component: {fileID: 4736982784867526028}
  m_Layer: 0
  m_Name: Port (3)
  m_TagString: Untagged
  m_Icon: {fileID: 0}
  m_NavMeshLayer: 0
  m_StaticEditorFlags: 4294967295
  m_IsActive: 1
--- !u!4 &3777584241743768456
Transform:
  m_ObjectHideFlags: 0
  m_CorrespondingSourceObject: {fileID: 0}
  m_PrefabInstance: {fileID: 0}
  m_PrefabAsset: {fileID: 0}
  m_GameObject: {fileID: 3230034438446037340}
  m_LocalRotation: {x: 0, y: 0.7071068, z: -0, w: -0.7071068}
  m_LocalPosition: {x: -3, y: 0, z: 0}
  m_LocalScale: {x: 1, y: 1, z: 1}
  m_Children: []
  m_Father: {fileID: 7974306078071600216}
  m_RootOrder: 3
  m_LocalEulerAnglesHint: {x: 0, y: 270, z: 0}
--- !u!114 &4736982784867526028
MonoBehaviour:
  m_ObjectHideFlags: 0
  m_CorrespondingSourceObject: {fileID: 0}
  m_PrefabInstance: {fileID: 0}
  m_PrefabAsset: {fileID: 0}
  m_GameObject: {fileID: 3230034438446037340}
  m_Enabled: 1
  m_EditorHideFlags: 0
  m_Script: {fileID: 11500000, guid: d6d599d7b8c583a4589bb650471cdb01, type: 3}
  m_Name: 
  m_EditorClassIdentifier: 
  type: {fileID: 11400000, guid: 6ea9ba90679c1f743b8d97073274607b, type: 2}
  formats:
  - part: {fileID: 2852196661474678321}
    mapping: {fileID: 11400000, guid: 9ad986e9debc07548a1936a43acc2654, type: 2}
--- !u!1 &3570500634968629339
GameObject:
  m_ObjectHideFlags: 0
  m_CorrespondingSourceObject: {fileID: 0}
  m_PrefabInstance: {fileID: 0}
  m_PrefabAsset: {fileID: 0}
  serializedVersion: 6
  m_Component:
  - component: {fileID: 294149839390455783}
  - component: {fileID: 4177848154349130718}
  m_Layer: 0
  m_Name: Port Vertical (1)
  m_TagString: Untagged
  m_Icon: {fileID: 0}
  m_NavMeshLayer: 0
  m_StaticEditorFlags: 4294967295
  m_IsActive: 1
--- !u!4 &294149839390455783
Transform:
  m_ObjectHideFlags: 0
  m_CorrespondingSourceObject: {fileID: 0}
  m_PrefabInstance: {fileID: 0}
  m_PrefabAsset: {fileID: 0}
  m_GameObject: {fileID: 3570500634968629339}
  m_LocalRotation: {x: 0, y: 0, z: 0, w: 1}
  m_LocalPosition: {x: 0, y: 7.5, z: 0}
  m_LocalScale: {x: 1, y: 1, z: 1}
  m_Children: []
  m_Father: {fileID: 7974306078071600216}
  m_RootOrder: 5
  m_LocalEulerAnglesHint: {x: 0, y: 0, z: 0}
--- !u!114 &4177848154349130718
MonoBehaviour:
  m_ObjectHideFlags: 0
  m_CorrespondingSourceObject: {fileID: 0}
  m_PrefabInstance: {fileID: 0}
  m_PrefabAsset: {fileID: 0}
  m_GameObject: {fileID: 3570500634968629339}
  m_Enabled: 1
  m_EditorHideFlags: 0
  m_Script: {fileID: 11500000, guid: d6d599d7b8c583a4589bb650471cdb01, type: 3}
  m_Name: 
  m_EditorClassIdentifier: 
  type: {fileID: 11400000, guid: 8d66a1feaf185484ca27bf9fc789dda8, type: 2}
  formats: []
--- !u!1 &3929548779988717757
GameObject:
  m_ObjectHideFlags: 0
  m_CorrespondingSourceObject: {fileID: 0}
  m_PrefabInstance: {fileID: 0}
  m_PrefabAsset: {fileID: 0}
  serializedVersion: 6
  m_Component:
  - component: {fileID: 7084866982921565459}
  - component: {fileID: 5552593095529200092}
  m_Layer: 0
  m_Name: Port
  m_TagString: Untagged
  m_Icon: {fileID: 0}
  m_NavMeshLayer: 0
  m_StaticEditorFlags: 4294967295
  m_IsActive: 1
--- !u!4 &7084866982921565459
Transform:
  m_ObjectHideFlags: 0
  m_CorrespondingSourceObject: {fileID: 0}
  m_PrefabInstance: {fileID: 0}
  m_PrefabAsset: {fileID: 0}
  m_GameObject: {fileID: 3929548779988717757}
  m_LocalRotation: {x: 0, y: 0, z: 0, w: 1}
  m_LocalPosition: {x: 0, y: 0, z: 3}
  m_LocalScale: {x: 1, y: 1, z: 1}
  m_Children: []
  m_Father: {fileID: 7974306078071600216}
  m_RootOrder: 0
  m_LocalEulerAnglesHint: {x: 0, y: 0, z: 0}
--- !u!114 &5552593095529200092
MonoBehaviour:
  m_ObjectHideFlags: 0
  m_CorrespondingSourceObject: {fileID: 0}
  m_PrefabInstance: {fileID: 0}
  m_PrefabAsset: {fileID: 0}
  m_GameObject: {fileID: 3929548779988717757}
  m_Enabled: 1
  m_EditorHideFlags: 0
  m_Script: {fileID: 11500000, guid: d6d599d7b8c583a4589bb650471cdb01, type: 3}
  m_Name: 
  m_EditorClassIdentifier: 
  type: {fileID: 11400000, guid: 6ea9ba90679c1f743b8d97073274607b, type: 2}
  formats:
  - part: {fileID: 6780864623842593038}
    mapping: {fileID: 11400000, guid: 9ad986e9debc07548a1936a43acc2654, type: 2}
--- !u!1 &5046171179657948898
GameObject:
  m_ObjectHideFlags: 0
  m_CorrespondingSourceObject: {fileID: 0}
  m_PrefabInstance: {fileID: 0}
  m_PrefabAsset: {fileID: 0}
  serializedVersion: 6
  m_Component:
  - component: {fileID: 8417988258486087726}
  - component: {fileID: 345147777229679638}
  m_Layer: 0
  m_Name: Port (1)
  m_TagString: Untagged
  m_Icon: {fileID: 0}
  m_NavMeshLayer: 0
  m_StaticEditorFlags: 4294967295
  m_IsActive: 1
--- !u!4 &8417988258486087726
Transform:
  m_ObjectHideFlags: 0
  m_CorrespondingSourceObject: {fileID: 0}
  m_PrefabInstance: {fileID: 0}
  m_PrefabAsset: {fileID: 0}
  m_GameObject: {fileID: 5046171179657948898}
  m_LocalRotation: {x: 0, y: 0.7071068, z: 0, w: 0.7071068}
  m_LocalPosition: {x: 3, y: 0, z: 0}
  m_LocalScale: {x: 1, y: 1, z: 1}
  m_Children: []
  m_Father: {fileID: 7974306078071600216}
  m_RootOrder: 1
  m_LocalEulerAnglesHint: {x: 0, y: 90, z: 0}
--- !u!114 &345147777229679638
MonoBehaviour:
  m_ObjectHideFlags: 0
  m_CorrespondingSourceObject: {fileID: 0}
  m_PrefabInstance: {fileID: 0}
  m_PrefabAsset: {fileID: 0}
  m_GameObject: {fileID: 5046171179657948898}
  m_Enabled: 1
  m_EditorHideFlags: 0
  m_Script: {fileID: 11500000, guid: d6d599d7b8c583a4589bb650471cdb01, type: 3}
  m_Name: 
  m_EditorClassIdentifier: 
  type: {fileID: 11400000, guid: 6ea9ba90679c1f743b8d97073274607b, type: 2}
  formats:
  - part: {fileID: 5199624223618407122}
    mapping: {fileID: 11400000, guid: 9ad986e9debc07548a1936a43acc2654, type: 2}
--- !u!1 &8563512976649019553
GameObject:
  m_ObjectHideFlags: 0
  m_CorrespondingSourceObject: {fileID: 0}
  m_PrefabInstance: {fileID: 0}
  m_PrefabAsset: {fileID: 0}
  serializedVersion: 6
  m_Component:
  - component: {fileID: 6841941637940519779}
  - component: {fileID: 3231210566620279863}
  m_Layer: 0
  m_Name: Port Vertical
  m_TagString: Untagged
  m_Icon: {fileID: 0}
  m_NavMeshLayer: 0
  m_StaticEditorFlags: 4294967295
  m_IsActive: 1
--- !u!4 &6841941637940519779
Transform:
  m_ObjectHideFlags: 0
  m_CorrespondingSourceObject: {fileID: 0}
  m_PrefabInstance: {fileID: 0}
  m_PrefabAsset: {fileID: 0}
  m_GameObject: {fileID: 8563512976649019553}
  m_LocalRotation: {x: 1, y: 0, z: 0, w: 0}
  m_LocalPosition: {x: 0, y: 0, z: 0}
  m_LocalScale: {x: 1, y: 1, z: 1}
  m_Children: []
  m_Father: {fileID: 7974306078071600216}
  m_RootOrder: 4
  m_LocalEulerAnglesHint: {x: 180, y: 0, z: 0}
--- !u!114 &3231210566620279863
MonoBehaviour:
  m_ObjectHideFlags: 0
  m_CorrespondingSourceObject: {fileID: 0}
  m_PrefabInstance: {fileID: 0}
  m_PrefabAsset: {fileID: 0}
  m_GameObject: {fileID: 8563512976649019553}
  m_Enabled: 1
  m_EditorHideFlags: 0
  m_Script: {fileID: 11500000, guid: d6d599d7b8c583a4589bb650471cdb01, type: 3}
  m_Name: 
  m_EditorClassIdentifier: 
  type: {fileID: 11400000, guid: 8d66a1feaf185484ca27bf9fc789dda8, type: 2}
  formats: []
--- !u!1 &8945415504873737647
GameObject:
  m_ObjectHideFlags: 0
  m_CorrespondingSourceObject: {fileID: 0}
  m_PrefabInstance: {fileID: 0}
  m_PrefabAsset: {fileID: 0}
  serializedVersion: 6
  m_Component:
  - component: {fileID: 3313558733474061169}
  - component: {fileID: 7773742489820983677}
  m_Layer: 0
  m_Name: Port (2)
  m_TagString: Untagged
  m_Icon: {fileID: 0}
  m_NavMeshLayer: 0
  m_StaticEditorFlags: 4294967295
  m_IsActive: 1
--- !u!4 &3313558733474061169
Transform:
  m_ObjectHideFlags: 0
  m_CorrespondingSourceObject: {fileID: 0}
  m_PrefabInstance: {fileID: 0}
  m_PrefabAsset: {fileID: 0}
  m_GameObject: {fileID: 8945415504873737647}
  m_LocalRotation: {x: 0, y: 1, z: 0, w: 0}
  m_LocalPosition: {x: 0, y: 0, z: -3}
  m_LocalScale: {x: 1, y: 1, z: 1}
  m_Children: []
  m_Father: {fileID: 7974306078071600216}
  m_RootOrder: 2
  m_LocalEulerAnglesHint: {x: 0, y: 180, z: 0}
--- !u!114 &7773742489820983677
MonoBehaviour:
  m_ObjectHideFlags: 0
  m_CorrespondingSourceObject: {fileID: 0}
  m_PrefabInstance: {fileID: 0}
  m_PrefabAsset: {fileID: 0}
  m_GameObject: {fileID: 8945415504873737647}
  m_Enabled: 1
  m_EditorHideFlags: 0
  m_Script: {fileID: 11500000, guid: d6d599d7b8c583a4589bb650471cdb01, type: 3}
  m_Name: 
  m_EditorClassIdentifier: 
  type: {fileID: 11400000, guid: 6ea9ba90679c1f743b8d97073274607b, type: 2}
  formats:
  - part: {fileID: 3821203962745272683}
    mapping: {fileID: 11400000, guid: 9ad986e9debc07548a1936a43acc2654, type: 2}
--- !u!1 &9034624158899777579
GameObject:
  m_ObjectHideFlags: 0
  m_CorrespondingSourceObject: {fileID: 0}
  m_PrefabInstance: {fileID: 0}
  m_PrefabAsset: {fileID: 0}
  serializedVersion: 6
  m_Component:
  - component: {fileID: 9067135372182470700}
  - component: {fileID: 9112279217791065906}
  m_Layer: 0
  m_Name: Room 6x6m Vault Module
  m_TagString: Untagged
  m_Icon: {fileID: 0}
  m_NavMeshLayer: 0
  m_StaticEditorFlags: 4294967295
  m_IsActive: 1
--- !u!4 &9067135372182470700
Transform:
  m_ObjectHideFlags: 0
  m_CorrespondingSourceObject: {fileID: 0}
  m_PrefabInstance: {fileID: 0}
  m_PrefabAsset: {fileID: 0}
  m_GameObject: {fileID: 9034624158899777579}
  m_LocalRotation: {x: -0, y: -0, z: -0, w: 1}
  m_LocalPosition: {x: 0, y: 0, z: 0}
  m_LocalScale: {x: 1, y: 1, z: 1}
  m_Children:
  - {fileID: 846733826924310817}
  - {fileID: 7974306078071600216}
  m_Father: {fileID: 0}
  m_RootOrder: 0
  m_LocalEulerAnglesHint: {x: 0, y: 0, z: 0}
--- !u!114 &9112279217791065906
MonoBehaviour:
  m_ObjectHideFlags: 0
  m_CorrespondingSourceObject: {fileID: 0}
  m_PrefabInstance: {fileID: 0}
  m_PrefabAsset: {fileID: 0}
  m_GameObject: {fileID: 9034624158899777579}
  m_Enabled: 1
  m_EditorHideFlags: 0
  m_Script: {fileID: 11500000, guid: 4eafe9f62d6c5ec41bae14e1ec76adca, type: 3}
  m_Name: 
  m_EditorClassIdentifier: 
  connections: []
  isAdapter: 0
  isBounded: 1
  bounds: {x: 3, y: 7, z: 3}
--- !u!1001 &2765436421381302044
PrefabInstance:
  m_ObjectHideFlags: 0
  serializedVersion: 2
  m_Modification:
    m_TransformParent: {fileID: 846733826924310817}
    m_Modifications:
    - target: {fileID: 88506810029938471, guid: 19672f09cc8a0db40babd85b3ac41cce,
        type: 3}
      propertyPath: m_StaticEditorFlags
      value: 4294967295
      objectReference: {fileID: 0}
    - target: {fileID: 130516859006836581, guid: 19672f09cc8a0db40babd85b3ac41cce,
        type: 3}
      propertyPath: m_StaticEditorFlags
      value: 4294967295
      objectReference: {fileID: 0}
    - target: {fileID: 141234491193356589, guid: 19672f09cc8a0db40babd85b3ac41cce,
        type: 3}
      propertyPath: m_Name
      value: Enclosure_Vault (3)
      objectReference: {fileID: 0}
    - target: {fileID: 141234491193356589, guid: 19672f09cc8a0db40babd85b3ac41cce,
        type: 3}
      propertyPath: m_StaticEditorFlags
      value: 4294967295
      objectReference: {fileID: 0}
    - target: {fileID: 172341418310871360, guid: 19672f09cc8a0db40babd85b3ac41cce,
        type: 3}
      propertyPath: m_StaticEditorFlags
      value: 4294967295
      objectReference: {fileID: 0}
    - target: {fileID: 194506268887859293, guid: 19672f09cc8a0db40babd85b3ac41cce,
        type: 3}
      propertyPath: m_StaticEditorFlags
      value: 4294967295
      objectReference: {fileID: 0}
    - target: {fileID: 442621885371436580, guid: 19672f09cc8a0db40babd85b3ac41cce,
        type: 3}
      propertyPath: m_StaticEditorFlags
      value: 4294967295
      objectReference: {fileID: 0}
    - target: {fileID: 670116750755467705, guid: 19672f09cc8a0db40babd85b3ac41cce,
        type: 3}
      propertyPath: m_StaticEditorFlags
      value: 4294967295
      objectReference: {fileID: 0}
    - target: {fileID: 871696075892480038, guid: 19672f09cc8a0db40babd85b3ac41cce,
        type: 3}
      propertyPath: m_StaticEditorFlags
      value: 4294967295
      objectReference: {fileID: 0}
    - target: {fileID: 1115244556963030007, guid: 19672f09cc8a0db40babd85b3ac41cce,
        type: 3}
      propertyPath: m_StaticEditorFlags
      value: 4294967295
      objectReference: {fileID: 0}
    - target: {fileID: 1524584193899560208, guid: 19672f09cc8a0db40babd85b3ac41cce,
        type: 3}
      propertyPath: m_StaticEditorFlags
      value: 4294967295
      objectReference: {fileID: 0}
    - target: {fileID: 1544011840677270197, guid: 19672f09cc8a0db40babd85b3ac41cce,
        type: 3}
      propertyPath: m_StaticEditorFlags
      value: 4294967295
      objectReference: {fileID: 0}
    - target: {fileID: 1607688937092472151, guid: 19672f09cc8a0db40babd85b3ac41cce,
        type: 3}
      propertyPath: m_StaticEditorFlags
      value: 4294967295
      objectReference: {fileID: 0}
    - target: {fileID: 1826551917727554313, guid: 19672f09cc8a0db40babd85b3ac41cce,
        type: 3}
      propertyPath: m_StaticEditorFlags
      value: 4294967295
      objectReference: {fileID: 0}
    - target: {fileID: 2210961024158358392, guid: 19672f09cc8a0db40babd85b3ac41cce,
        type: 3}
      propertyPath: m_StaticEditorFlags
      value: 4294967295
      objectReference: {fileID: 0}
    - target: {fileID: 2394385922584421357, guid: 19672f09cc8a0db40babd85b3ac41cce,
        type: 3}
      propertyPath: m_StaticEditorFlags
      value: 4294967295
      objectReference: {fileID: 0}
    - target: {fileID: 2733779009292940611, guid: 19672f09cc8a0db40babd85b3ac41cce,
        type: 3}
      propertyPath: m_StaticEditorFlags
      value: 4294967295
      objectReference: {fileID: 0}
    - target: {fileID: 2944409906590395356, guid: 19672f09cc8a0db40babd85b3ac41cce,
        type: 3}
      propertyPath: m_StaticEditorFlags
      value: 4294967295
      objectReference: {fileID: 0}
    - target: {fileID: 2982047351486739597, guid: 19672f09cc8a0db40babd85b3ac41cce,
        type: 3}
      propertyPath: m_StaticEditorFlags
      value: 4294967295
      objectReference: {fileID: 0}
    - target: {fileID: 3007913075252577046, guid: 19672f09cc8a0db40babd85b3ac41cce,
        type: 3}
      propertyPath: m_StaticEditorFlags
      value: 4294967295
      objectReference: {fileID: 0}
    - target: {fileID: 3081296738070715438, guid: 19672f09cc8a0db40babd85b3ac41cce,
        type: 3}
      propertyPath: m_StaticEditorFlags
      value: 4294967295
      objectReference: {fileID: 0}
    - target: {fileID: 3135077571758577435, guid: 19672f09cc8a0db40babd85b3ac41cce,
        type: 3}
      propertyPath: m_StaticEditorFlags
      value: 4294967295
      objectReference: {fileID: 0}
    - target: {fileID: 3139063459985055308, guid: 19672f09cc8a0db40babd85b3ac41cce,
        type: 3}
      propertyPath: m_StaticEditorFlags
      value: 4294967295
      objectReference: {fileID: 0}
    - target: {fileID: 3154669798610476723, guid: 19672f09cc8a0db40babd85b3ac41cce,
        type: 3}
      propertyPath: m_StaticEditorFlags
      value: 4294967295
      objectReference: {fileID: 0}
    - target: {fileID: 3239093390961438284, guid: 19672f09cc8a0db40babd85b3ac41cce,
        type: 3}
      propertyPath: m_StaticEditorFlags
      value: 4294967295
      objectReference: {fileID: 0}
    - target: {fileID: 3374974189622206084, guid: 19672f09cc8a0db40babd85b3ac41cce,
        type: 3}
      propertyPath: m_StaticEditorFlags
      value: 4294967295
      objectReference: {fileID: 0}
    - target: {fileID: 3534476332946565193, guid: 19672f09cc8a0db40babd85b3ac41cce,
        type: 3}
      propertyPath: m_StaticEditorFlags
      value: 4294967295
      objectReference: {fileID: 0}
    - target: {fileID: 3634490043150022513, guid: 19672f09cc8a0db40babd85b3ac41cce,
        type: 3}
      propertyPath: m_StaticEditorFlags
      value: 4294967295
      objectReference: {fileID: 0}
    - target: {fileID: 3703812178898063008, guid: 19672f09cc8a0db40babd85b3ac41cce,
        type: 3}
      propertyPath: m_StaticEditorFlags
      value: 4294967295
      objectReference: {fileID: 0}
    - target: {fileID: 3732437873487863221, guid: 19672f09cc8a0db40babd85b3ac41cce,
        type: 3}
      propertyPath: m_StaticEditorFlags
      value: 4294967295
      objectReference: {fileID: 0}
    - target: {fileID: 3871459553140645916, guid: 19672f09cc8a0db40babd85b3ac41cce,
        type: 3}
      propertyPath: m_StaticEditorFlags
      value: 4294967295
      objectReference: {fileID: 0}
    - target: {fileID: 3902484699684676094, guid: 19672f09cc8a0db40babd85b3ac41cce,
        type: 3}
      propertyPath: m_StaticEditorFlags
      value: 4294967295
      objectReference: {fileID: 0}
    - target: {fileID: 3915554274683677133, guid: 19672f09cc8a0db40babd85b3ac41cce,
        type: 3}
      propertyPath: m_StaticEditorFlags
      value: 4294967295
      objectReference: {fileID: 0}
    - target: {fileID: 4034434883865788244, guid: 19672f09cc8a0db40babd85b3ac41cce,
        type: 3}
      propertyPath: m_StaticEditorFlags
      value: 4294967295
      objectReference: {fileID: 0}
    - target: {fileID: 4465975449829347662, guid: 19672f09cc8a0db40babd85b3ac41cce,
        type: 3}
      propertyPath: m_StaticEditorFlags
      value: 4294967295
      objectReference: {fileID: 0}
    - target: {fileID: 4616436208052938787, guid: 19672f09cc8a0db40babd85b3ac41cce,
        type: 3}
      propertyPath: m_StaticEditorFlags
      value: 4294967295
      objectReference: {fileID: 0}
    - target: {fileID: 4625431444095486566, guid: 19672f09cc8a0db40babd85b3ac41cce,
        type: 3}
      propertyPath: m_StaticEditorFlags
      value: 4294967295
      objectReference: {fileID: 0}
    - target: {fileID: 4706878783056192172, guid: 19672f09cc8a0db40babd85b3ac41cce,
        type: 3}
      propertyPath: m_StaticEditorFlags
      value: 4294967295
      objectReference: {fileID: 0}
    - target: {fileID: 4754586484552820784, guid: 19672f09cc8a0db40babd85b3ac41cce,
        type: 3}
      propertyPath: m_StaticEditorFlags
      value: 4294967295
      objectReference: {fileID: 0}
    - target: {fileID: 4849360213269239134, guid: 19672f09cc8a0db40babd85b3ac41cce,
        type: 3}
      propertyPath: m_StaticEditorFlags
      value: 4294967295
      objectReference: {fileID: 0}
    - target: {fileID: 5007165103821776700, guid: 19672f09cc8a0db40babd85b3ac41cce,
        type: 3}
      propertyPath: m_StaticEditorFlags
      value: 4294967295
      objectReference: {fileID: 0}
    - target: {fileID: 5061375456783379915, guid: 19672f09cc8a0db40babd85b3ac41cce,
        type: 3}
      propertyPath: m_StaticEditorFlags
      value: 4294967295
      objectReference: {fileID: 0}
    - target: {fileID: 5564188735215128840, guid: 19672f09cc8a0db40babd85b3ac41cce,
        type: 3}
      propertyPath: m_StaticEditorFlags
      value: 4294967295
      objectReference: {fileID: 0}
    - target: {fileID: 5635784767397366933, guid: 19672f09cc8a0db40babd85b3ac41cce,
        type: 3}
      propertyPath: m_LocalPosition.x
      value: -3
      objectReference: {fileID: 0}
    - target: {fileID: 5635784767397366933, guid: 19672f09cc8a0db40babd85b3ac41cce,
        type: 3}
      propertyPath: m_LocalPosition.y
      value: 0
      objectReference: {fileID: 0}
    - target: {fileID: 5635784767397366933, guid: 19672f09cc8a0db40babd85b3ac41cce,
        type: 3}
      propertyPath: m_LocalPosition.z
      value: 0
      objectReference: {fileID: 0}
    - target: {fileID: 5635784767397366933, guid: 19672f09cc8a0db40babd85b3ac41cce,
        type: 3}
      propertyPath: m_LocalRotation.x
      value: -0
      objectReference: {fileID: 0}
    - target: {fileID: 5635784767397366933, guid: 19672f09cc8a0db40babd85b3ac41cce,
        type: 3}
      propertyPath: m_LocalRotation.y
      value: 0.7071068
      objectReference: {fileID: 0}
    - target: {fileID: 5635784767397366933, guid: 19672f09cc8a0db40babd85b3ac41cce,
        type: 3}
      propertyPath: m_LocalRotation.z
      value: -0
      objectReference: {fileID: 0}
    - target: {fileID: 5635784767397366933, guid: 19672f09cc8a0db40babd85b3ac41cce,
        type: 3}
      propertyPath: m_LocalRotation.w
      value: -0.7071068
      objectReference: {fileID: 0}
    - target: {fileID: 5635784767397366933, guid: 19672f09cc8a0db40babd85b3ac41cce,
        type: 3}
      propertyPath: m_RootOrder
      value: 4
      objectReference: {fileID: 0}
    - target: {fileID: 5635784767397366933, guid: 19672f09cc8a0db40babd85b3ac41cce,
        type: 3}
      propertyPath: m_LocalEulerAnglesHint.x
      value: 0
      objectReference: {fileID: 0}
    - target: {fileID: 5635784767397366933, guid: 19672f09cc8a0db40babd85b3ac41cce,
        type: 3}
      propertyPath: m_LocalEulerAnglesHint.y
      value: 270
      objectReference: {fileID: 0}
    - target: {fileID: 5635784767397366933, guid: 19672f09cc8a0db40babd85b3ac41cce,
        type: 3}
      propertyPath: m_LocalEulerAnglesHint.z
      value: 0
      objectReference: {fileID: 0}
    - target: {fileID: 5751822490050659851, guid: 19672f09cc8a0db40babd85b3ac41cce,
        type: 3}
      propertyPath: m_StaticEditorFlags
      value: 4294967295
      objectReference: {fileID: 0}
    - target: {fileID: 5818304423643630916, guid: 19672f09cc8a0db40babd85b3ac41cce,
        type: 3}
      propertyPath: m_StaticEditorFlags
      value: 4294967295
      objectReference: {fileID: 0}
    - target: {fileID: 5977866774437303422, guid: 19672f09cc8a0db40babd85b3ac41cce,
        type: 3}
      propertyPath: m_StaticEditorFlags
      value: 4294967295
      objectReference: {fileID: 0}
    - target: {fileID: 5984570153630309129, guid: 19672f09cc8a0db40babd85b3ac41cce,
        type: 3}
      propertyPath: m_StaticEditorFlags
      value: 4294967295
      objectReference: {fileID: 0}
    - target: {fileID: 6087633250263181282, guid: 19672f09cc8a0db40babd85b3ac41cce,
        type: 3}
      propertyPath: m_StaticEditorFlags
      value: 4294967295
      objectReference: {fileID: 0}
    - target: {fileID: 6173584070014830841, guid: 19672f09cc8a0db40babd85b3ac41cce,
        type: 3}
      propertyPath: m_StaticEditorFlags
      value: 4294967295
      objectReference: {fileID: 0}
    - target: {fileID: 6314609063972822497, guid: 19672f09cc8a0db40babd85b3ac41cce,
        type: 3}
      propertyPath: m_StaticEditorFlags
      value: 4294967295
      objectReference: {fileID: 0}
    - target: {fileID: 6349534473023272666, guid: 19672f09cc8a0db40babd85b3ac41cce,
        type: 3}
      propertyPath: m_StaticEditorFlags
      value: 4294967295
      objectReference: {fileID: 0}
    - target: {fileID: 6719217962359736738, guid: 19672f09cc8a0db40babd85b3ac41cce,
        type: 3}
      propertyPath: m_StaticEditorFlags
      value: 4294967295
      objectReference: {fileID: 0}
    - target: {fileID: 6805664949078179546, guid: 19672f09cc8a0db40babd85b3ac41cce,
        type: 3}
      propertyPath: m_StaticEditorFlags
      value: 4294967295
      objectReference: {fileID: 0}
    - target: {fileID: 7140023502930969264, guid: 19672f09cc8a0db40babd85b3ac41cce,
        type: 3}
      propertyPath: m_StaticEditorFlags
      value: 4294967295
      objectReference: {fileID: 0}
    - target: {fileID: 7512325241651615253, guid: 19672f09cc8a0db40babd85b3ac41cce,
        type: 3}
      propertyPath: m_StaticEditorFlags
      value: 4294967295
      objectReference: {fileID: 0}
    - target: {fileID: 7622641185316819991, guid: 19672f09cc8a0db40babd85b3ac41cce,
        type: 3}
      propertyPath: m_StaticEditorFlags
      value: 4294967295
      objectReference: {fileID: 0}
    - target: {fileID: 7727493128024803629, guid: 19672f09cc8a0db40babd85b3ac41cce,
        type: 3}
      propertyPath: m_StaticEditorFlags
      value: 4294967295
      objectReference: {fileID: 0}
    - target: {fileID: 8087081720665690844, guid: 19672f09cc8a0db40babd85b3ac41cce,
        type: 3}
      propertyPath: m_StaticEditorFlags
      value: 4294967295
      objectReference: {fileID: 0}
    - target: {fileID: 8120099368457158395, guid: 19672f09cc8a0db40babd85b3ac41cce,
        type: 3}
      propertyPath: m_StaticEditorFlags
      value: 4294967295
      objectReference: {fileID: 0}
    - target: {fileID: 8139023222306291018, guid: 19672f09cc8a0db40babd85b3ac41cce,
        type: 3}
      propertyPath: m_StaticEditorFlags
      value: 4294967295
      objectReference: {fileID: 0}
    - target: {fileID: 8281499886445710008, guid: 19672f09cc8a0db40babd85b3ac41cce,
        type: 3}
      propertyPath: m_StaticEditorFlags
      value: 4294967295
      objectReference: {fileID: 0}
    - target: {fileID: 8326918698032964210, guid: 19672f09cc8a0db40babd85b3ac41cce,
        type: 3}
      propertyPath: m_StaticEditorFlags
      value: 4294967295
      objectReference: {fileID: 0}
    - target: {fileID: 8338969181617188285, guid: 19672f09cc8a0db40babd85b3ac41cce,
        type: 3}
      propertyPath: m_StaticEditorFlags
      value: 4294967295
      objectReference: {fileID: 0}
    - target: {fileID: 8364554610755542891, guid: 19672f09cc8a0db40babd85b3ac41cce,
        type: 3}
      propertyPath: m_StaticEditorFlags
      value: 4294967295
      objectReference: {fileID: 0}
    - target: {fileID: 8462066536145263427, guid: 19672f09cc8a0db40babd85b3ac41cce,
        type: 3}
      propertyPath: m_StaticEditorFlags
      value: 4294967295
      objectReference: {fileID: 0}
    - target: {fileID: 8557678452695404328, guid: 19672f09cc8a0db40babd85b3ac41cce,
        type: 3}
      propertyPath: m_StaticEditorFlags
      value: 4294967295
      objectReference: {fileID: 0}
    - target: {fileID: 9205706145265472551, guid: 19672f09cc8a0db40babd85b3ac41cce,
        type: 3}
      propertyPath: m_StaticEditorFlags
      value: 4294967295
      objectReference: {fileID: 0}
    m_RemovedComponents: []
  m_SourcePrefab: {fileID: 100100000, guid: 19672f09cc8a0db40babd85b3ac41cce, type: 3}
--- !u!1 &4093249327796681828 stripped
GameObject:
  m_CorrespondingSourceObject: {fileID: 2210961024158358392, guid: 19672f09cc8a0db40babd85b3ac41cce,
    type: 3}
  m_PrefabInstance: {fileID: 2765436421381302044}
  m_PrefabAsset: {fileID: 0}
--- !u!1 &8890027491725176510 stripped
GameObject:
  m_CorrespondingSourceObject: {fileID: 6719217962359736738, guid: 19672f09cc8a0db40babd85b3ac41cce,
    type: 3}
  m_PrefabInstance: {fileID: 2765436421381302044}
  m_PrefabAsset: {fileID: 0}
--- !u!1 &983876755469679023 stripped
GameObject:
  m_CorrespondingSourceObject: {fileID: 3154669798610476723, guid: 19672f09cc8a0db40babd85b3ac41cce,
    type: 3}
  m_PrefabInstance: {fileID: 2765436421381302044}
  m_PrefabAsset: {fileID: 0}
--- !u!1 &7381449818320867135 stripped
GameObject:
  m_CorrespondingSourceObject: {fileID: 4616436208052938787, guid: 19672f09cc8a0db40babd85b3ac41cce,
    type: 3}
  m_PrefabInstance: {fileID: 2765436421381302044}
  m_PrefabAsset: {fileID: 0}
--- !u!1 &2852196661474678321 stripped
GameObject:
  m_CorrespondingSourceObject: {fileID: 141234491193356589, guid: 19672f09cc8a0db40babd85b3ac41cce,
    type: 3}
  m_PrefabInstance: {fileID: 2765436421381302044}
  m_PrefabAsset: {fileID: 0}
--- !u!4 &7518365570918198153 stripped
Transform:
  m_CorrespondingSourceObject: {fileID: 5635784767397366933, guid: 19672f09cc8a0db40babd85b3ac41cce,
    type: 3}
  m_PrefabInstance: {fileID: 2765436421381302044}
  m_PrefabAsset: {fileID: 0}
--- !u!1001 &3815218243495512134
PrefabInstance:
  m_ObjectHideFlags: 0
  serializedVersion: 2
  m_Modification:
    m_TransformParent: {fileID: 846733826924310817}
    m_Modifications:
    - target: {fileID: 88506810029938471, guid: 19672f09cc8a0db40babd85b3ac41cce,
        type: 3}
      propertyPath: m_StaticEditorFlags
      value: 4294967295
      objectReference: {fileID: 0}
    - target: {fileID: 130516859006836581, guid: 19672f09cc8a0db40babd85b3ac41cce,
        type: 3}
      propertyPath: m_StaticEditorFlags
      value: 4294967295
      objectReference: {fileID: 0}
    - target: {fileID: 141234491193356589, guid: 19672f09cc8a0db40babd85b3ac41cce,
        type: 3}
      propertyPath: m_Name
      value: Enclosure_Vault (2)
      objectReference: {fileID: 0}
    - target: {fileID: 141234491193356589, guid: 19672f09cc8a0db40babd85b3ac41cce,
        type: 3}
      propertyPath: m_StaticEditorFlags
      value: 4294967295
      objectReference: {fileID: 0}
    - target: {fileID: 172341418310871360, guid: 19672f09cc8a0db40babd85b3ac41cce,
        type: 3}
      propertyPath: m_StaticEditorFlags
      value: 4294967295
      objectReference: {fileID: 0}
    - target: {fileID: 194506268887859293, guid: 19672f09cc8a0db40babd85b3ac41cce,
        type: 3}
      propertyPath: m_StaticEditorFlags
      value: 4294967295
      objectReference: {fileID: 0}
    - target: {fileID: 442621885371436580, guid: 19672f09cc8a0db40babd85b3ac41cce,
        type: 3}
      propertyPath: m_StaticEditorFlags
      value: 4294967295
      objectReference: {fileID: 0}
    - target: {fileID: 670116750755467705, guid: 19672f09cc8a0db40babd85b3ac41cce,
        type: 3}
      propertyPath: m_StaticEditorFlags
      value: 4294967295
      objectReference: {fileID: 0}
    - target: {fileID: 871696075892480038, guid: 19672f09cc8a0db40babd85b3ac41cce,
        type: 3}
      propertyPath: m_StaticEditorFlags
      value: 4294967295
      objectReference: {fileID: 0}
    - target: {fileID: 1115244556963030007, guid: 19672f09cc8a0db40babd85b3ac41cce,
        type: 3}
      propertyPath: m_StaticEditorFlags
      value: 4294967295
      objectReference: {fileID: 0}
    - target: {fileID: 1524584193899560208, guid: 19672f09cc8a0db40babd85b3ac41cce,
        type: 3}
      propertyPath: m_StaticEditorFlags
      value: 4294967295
      objectReference: {fileID: 0}
    - target: {fileID: 1544011840677270197, guid: 19672f09cc8a0db40babd85b3ac41cce,
        type: 3}
      propertyPath: m_StaticEditorFlags
      value: 4294967295
      objectReference: {fileID: 0}
    - target: {fileID: 1607688937092472151, guid: 19672f09cc8a0db40babd85b3ac41cce,
        type: 3}
      propertyPath: m_StaticEditorFlags
      value: 4294967295
      objectReference: {fileID: 0}
    - target: {fileID: 1826551917727554313, guid: 19672f09cc8a0db40babd85b3ac41cce,
        type: 3}
      propertyPath: m_StaticEditorFlags
      value: 4294967295
      objectReference: {fileID: 0}
    - target: {fileID: 2210961024158358392, guid: 19672f09cc8a0db40babd85b3ac41cce,
        type: 3}
      propertyPath: m_StaticEditorFlags
      value: 4294967295
      objectReference: {fileID: 0}
    - target: {fileID: 2394385922584421357, guid: 19672f09cc8a0db40babd85b3ac41cce,
        type: 3}
      propertyPath: m_StaticEditorFlags
      value: 4294967295
      objectReference: {fileID: 0}
    - target: {fileID: 2733779009292940611, guid: 19672f09cc8a0db40babd85b3ac41cce,
        type: 3}
      propertyPath: m_StaticEditorFlags
      value: 4294967295
      objectReference: {fileID: 0}
    - target: {fileID: 2944409906590395356, guid: 19672f09cc8a0db40babd85b3ac41cce,
        type: 3}
      propertyPath: m_StaticEditorFlags
      value: 4294967295
      objectReference: {fileID: 0}
    - target: {fileID: 2982047351486739597, guid: 19672f09cc8a0db40babd85b3ac41cce,
        type: 3}
      propertyPath: m_StaticEditorFlags
      value: 4294967295
      objectReference: {fileID: 0}
    - target: {fileID: 3007913075252577046, guid: 19672f09cc8a0db40babd85b3ac41cce,
        type: 3}
      propertyPath: m_StaticEditorFlags
      value: 4294967295
      objectReference: {fileID: 0}
    - target: {fileID: 3081296738070715438, guid: 19672f09cc8a0db40babd85b3ac41cce,
        type: 3}
      propertyPath: m_StaticEditorFlags
      value: 4294967295
      objectReference: {fileID: 0}
    - target: {fileID: 3135077571758577435, guid: 19672f09cc8a0db40babd85b3ac41cce,
        type: 3}
      propertyPath: m_StaticEditorFlags
      value: 4294967295
      objectReference: {fileID: 0}
    - target: {fileID: 3139063459985055308, guid: 19672f09cc8a0db40babd85b3ac41cce,
        type: 3}
      propertyPath: m_StaticEditorFlags
      value: 4294967295
      objectReference: {fileID: 0}
    - target: {fileID: 3154669798610476723, guid: 19672f09cc8a0db40babd85b3ac41cce,
        type: 3}
      propertyPath: m_StaticEditorFlags
      value: 4294967295
      objectReference: {fileID: 0}
    - target: {fileID: 3239093390961438284, guid: 19672f09cc8a0db40babd85b3ac41cce,
        type: 3}
      propertyPath: m_StaticEditorFlags
      value: 4294967295
      objectReference: {fileID: 0}
    - target: {fileID: 3374974189622206084, guid: 19672f09cc8a0db40babd85b3ac41cce,
        type: 3}
      propertyPath: m_StaticEditorFlags
      value: 4294967295
      objectReference: {fileID: 0}
    - target: {fileID: 3534476332946565193, guid: 19672f09cc8a0db40babd85b3ac41cce,
        type: 3}
      propertyPath: m_StaticEditorFlags
      value: 4294967295
      objectReference: {fileID: 0}
    - target: {fileID: 3634490043150022513, guid: 19672f09cc8a0db40babd85b3ac41cce,
        type: 3}
      propertyPath: m_StaticEditorFlags
      value: 4294967295
      objectReference: {fileID: 0}
    - target: {fileID: 3703812178898063008, guid: 19672f09cc8a0db40babd85b3ac41cce,
        type: 3}
      propertyPath: m_StaticEditorFlags
      value: 4294967295
      objectReference: {fileID: 0}
    - target: {fileID: 3732437873487863221, guid: 19672f09cc8a0db40babd85b3ac41cce,
        type: 3}
      propertyPath: m_StaticEditorFlags
      value: 4294967295
      objectReference: {fileID: 0}
    - target: {fileID: 3871459553140645916, guid: 19672f09cc8a0db40babd85b3ac41cce,
        type: 3}
      propertyPath: m_StaticEditorFlags
      value: 4294967295
      objectReference: {fileID: 0}
    - target: {fileID: 3902484699684676094, guid: 19672f09cc8a0db40babd85b3ac41cce,
        type: 3}
      propertyPath: m_StaticEditorFlags
      value: 4294967295
      objectReference: {fileID: 0}
    - target: {fileID: 3915554274683677133, guid: 19672f09cc8a0db40babd85b3ac41cce,
        type: 3}
      propertyPath: m_StaticEditorFlags
      value: 4294967295
      objectReference: {fileID: 0}
    - target: {fileID: 4034434883865788244, guid: 19672f09cc8a0db40babd85b3ac41cce,
        type: 3}
      propertyPath: m_StaticEditorFlags
      value: 4294967295
      objectReference: {fileID: 0}
    - target: {fileID: 4465975449829347662, guid: 19672f09cc8a0db40babd85b3ac41cce,
        type: 3}
      propertyPath: m_StaticEditorFlags
      value: 4294967295
      objectReference: {fileID: 0}
    - target: {fileID: 4616436208052938787, guid: 19672f09cc8a0db40babd85b3ac41cce,
        type: 3}
      propertyPath: m_StaticEditorFlags
      value: 4294967295
      objectReference: {fileID: 0}
    - target: {fileID: 4625431444095486566, guid: 19672f09cc8a0db40babd85b3ac41cce,
        type: 3}
      propertyPath: m_StaticEditorFlags
      value: 4294967295
      objectReference: {fileID: 0}
    - target: {fileID: 4706878783056192172, guid: 19672f09cc8a0db40babd85b3ac41cce,
        type: 3}
      propertyPath: m_StaticEditorFlags
      value: 4294967295
      objectReference: {fileID: 0}
    - target: {fileID: 4754586484552820784, guid: 19672f09cc8a0db40babd85b3ac41cce,
        type: 3}
      propertyPath: m_StaticEditorFlags
      value: 4294967295
      objectReference: {fileID: 0}
    - target: {fileID: 4849360213269239134, guid: 19672f09cc8a0db40babd85b3ac41cce,
        type: 3}
      propertyPath: m_StaticEditorFlags
      value: 4294967295
      objectReference: {fileID: 0}
    - target: {fileID: 5007165103821776700, guid: 19672f09cc8a0db40babd85b3ac41cce,
        type: 3}
      propertyPath: m_StaticEditorFlags
      value: 4294967295
      objectReference: {fileID: 0}
    - target: {fileID: 5061375456783379915, guid: 19672f09cc8a0db40babd85b3ac41cce,
        type: 3}
      propertyPath: m_StaticEditorFlags
      value: 4294967295
      objectReference: {fileID: 0}
    - target: {fileID: 5564188735215128840, guid: 19672f09cc8a0db40babd85b3ac41cce,
        type: 3}
      propertyPath: m_StaticEditorFlags
      value: 4294967295
      objectReference: {fileID: 0}
    - target: {fileID: 5635784767397366933, guid: 19672f09cc8a0db40babd85b3ac41cce,
        type: 3}
      propertyPath: m_LocalPosition.x
      value: 0
      objectReference: {fileID: 0}
    - target: {fileID: 5635784767397366933, guid: 19672f09cc8a0db40babd85b3ac41cce,
        type: 3}
      propertyPath: m_LocalPosition.y
      value: 0
      objectReference: {fileID: 0}
    - target: {fileID: 5635784767397366933, guid: 19672f09cc8a0db40babd85b3ac41cce,
        type: 3}
      propertyPath: m_LocalPosition.z
      value: -3
      objectReference: {fileID: 0}
    - target: {fileID: 5635784767397366933, guid: 19672f09cc8a0db40babd85b3ac41cce,
        type: 3}
      propertyPath: m_LocalRotation.x
      value: -0
      objectReference: {fileID: 0}
    - target: {fileID: 5635784767397366933, guid: 19672f09cc8a0db40babd85b3ac41cce,
        type: 3}
      propertyPath: m_LocalRotation.y
      value: 1
      objectReference: {fileID: 0}
    - target: {fileID: 5635784767397366933, guid: 19672f09cc8a0db40babd85b3ac41cce,
        type: 3}
      propertyPath: m_LocalRotation.z
      value: -0
      objectReference: {fileID: 0}
    - target: {fileID: 5635784767397366933, guid: 19672f09cc8a0db40babd85b3ac41cce,
        type: 3}
      propertyPath: m_LocalRotation.w
      value: 0
      objectReference: {fileID: 0}
    - target: {fileID: 5635784767397366933, guid: 19672f09cc8a0db40babd85b3ac41cce,
        type: 3}
      propertyPath: m_RootOrder
      value: 3
      objectReference: {fileID: 0}
    - target: {fileID: 5635784767397366933, guid: 19672f09cc8a0db40babd85b3ac41cce,
        type: 3}
      propertyPath: m_LocalEulerAnglesHint.x
      value: 0
      objectReference: {fileID: 0}
    - target: {fileID: 5635784767397366933, guid: 19672f09cc8a0db40babd85b3ac41cce,
        type: 3}
      propertyPath: m_LocalEulerAnglesHint.y
      value: 180
      objectReference: {fileID: 0}
    - target: {fileID: 5635784767397366933, guid: 19672f09cc8a0db40babd85b3ac41cce,
        type: 3}
      propertyPath: m_LocalEulerAnglesHint.z
      value: 0
      objectReference: {fileID: 0}
    - target: {fileID: 5751822490050659851, guid: 19672f09cc8a0db40babd85b3ac41cce,
        type: 3}
      propertyPath: m_StaticEditorFlags
      value: 4294967295
      objectReference: {fileID: 0}
    - target: {fileID: 5818304423643630916, guid: 19672f09cc8a0db40babd85b3ac41cce,
        type: 3}
      propertyPath: m_StaticEditorFlags
      value: 4294967295
      objectReference: {fileID: 0}
    - target: {fileID: 5977866774437303422, guid: 19672f09cc8a0db40babd85b3ac41cce,
        type: 3}
      propertyPath: m_StaticEditorFlags
      value: 4294967295
      objectReference: {fileID: 0}
    - target: {fileID: 5984570153630309129, guid: 19672f09cc8a0db40babd85b3ac41cce,
        type: 3}
      propertyPath: m_StaticEditorFlags
      value: 4294967295
      objectReference: {fileID: 0}
    - target: {fileID: 6087633250263181282, guid: 19672f09cc8a0db40babd85b3ac41cce,
        type: 3}
      propertyPath: m_StaticEditorFlags
      value: 4294967295
      objectReference: {fileID: 0}
    - target: {fileID: 6173584070014830841, guid: 19672f09cc8a0db40babd85b3ac41cce,
        type: 3}
      propertyPath: m_StaticEditorFlags
      value: 4294967295
      objectReference: {fileID: 0}
    - target: {fileID: 6314609063972822497, guid: 19672f09cc8a0db40babd85b3ac41cce,
        type: 3}
      propertyPath: m_StaticEditorFlags
      value: 4294967295
      objectReference: {fileID: 0}
    - target: {fileID: 6349534473023272666, guid: 19672f09cc8a0db40babd85b3ac41cce,
        type: 3}
      propertyPath: m_StaticEditorFlags
      value: 4294967295
      objectReference: {fileID: 0}
    - target: {fileID: 6719217962359736738, guid: 19672f09cc8a0db40babd85b3ac41cce,
        type: 3}
      propertyPath: m_StaticEditorFlags
      value: 4294967295
      objectReference: {fileID: 0}
    - target: {fileID: 6805664949078179546, guid: 19672f09cc8a0db40babd85b3ac41cce,
        type: 3}
      propertyPath: m_StaticEditorFlags
      value: 4294967295
      objectReference: {fileID: 0}
    - target: {fileID: 7140023502930969264, guid: 19672f09cc8a0db40babd85b3ac41cce,
        type: 3}
      propertyPath: m_StaticEditorFlags
      value: 4294967295
      objectReference: {fileID: 0}
    - target: {fileID: 7512325241651615253, guid: 19672f09cc8a0db40babd85b3ac41cce,
        type: 3}
      propertyPath: m_StaticEditorFlags
      value: 4294967295
      objectReference: {fileID: 0}
    - target: {fileID: 7622641185316819991, guid: 19672f09cc8a0db40babd85b3ac41cce,
        type: 3}
      propertyPath: m_StaticEditorFlags
      value: 4294967295
      objectReference: {fileID: 0}
    - target: {fileID: 7727493128024803629, guid: 19672f09cc8a0db40babd85b3ac41cce,
        type: 3}
      propertyPath: m_StaticEditorFlags
      value: 4294967295
      objectReference: {fileID: 0}
    - target: {fileID: 8087081720665690844, guid: 19672f09cc8a0db40babd85b3ac41cce,
        type: 3}
      propertyPath: m_StaticEditorFlags
      value: 4294967295
      objectReference: {fileID: 0}
    - target: {fileID: 8120099368457158395, guid: 19672f09cc8a0db40babd85b3ac41cce,
        type: 3}
      propertyPath: m_StaticEditorFlags
      value: 4294967295
      objectReference: {fileID: 0}
    - target: {fileID: 8139023222306291018, guid: 19672f09cc8a0db40babd85b3ac41cce,
        type: 3}
      propertyPath: m_StaticEditorFlags
      value: 4294967295
      objectReference: {fileID: 0}
    - target: {fileID: 8281499886445710008, guid: 19672f09cc8a0db40babd85b3ac41cce,
        type: 3}
      propertyPath: m_StaticEditorFlags
      value: 4294967295
      objectReference: {fileID: 0}
    - target: {fileID: 8326918698032964210, guid: 19672f09cc8a0db40babd85b3ac41cce,
        type: 3}
      propertyPath: m_StaticEditorFlags
      value: 4294967295
      objectReference: {fileID: 0}
    - target: {fileID: 8338969181617188285, guid: 19672f09cc8a0db40babd85b3ac41cce,
        type: 3}
      propertyPath: m_StaticEditorFlags
      value: 4294967295
      objectReference: {fileID: 0}
    - target: {fileID: 8364554610755542891, guid: 19672f09cc8a0db40babd85b3ac41cce,
        type: 3}
      propertyPath: m_StaticEditorFlags
      value: 4294967295
      objectReference: {fileID: 0}
    - target: {fileID: 8462066536145263427, guid: 19672f09cc8a0db40babd85b3ac41cce,
        type: 3}
      propertyPath: m_StaticEditorFlags
      value: 4294967295
      objectReference: {fileID: 0}
    - target: {fileID: 8557678452695404328, guid: 19672f09cc8a0db40babd85b3ac41cce,
        type: 3}
      propertyPath: m_StaticEditorFlags
      value: 4294967295
      objectReference: {fileID: 0}
    - target: {fileID: 9205706145265472551, guid: 19672f09cc8a0db40babd85b3ac41cce,
        type: 3}
      propertyPath: m_StaticEditorFlags
      value: 4294967295
      objectReference: {fileID: 0}
    m_RemovedComponents: []
  m_SourcePrefab: {fileID: 100100000, guid: 19672f09cc8a0db40babd85b3ac41cce, type: 3}
--- !u!1 &7623773814660497892 stripped
GameObject:
  m_CorrespondingSourceObject: {fileID: 6719217962359736738, guid: 19672f09cc8a0db40babd85b3ac41cce,
    type: 3}
  m_PrefabInstance: {fileID: 3815218243495512134}
  m_PrefabAsset: {fileID: 0}
--- !u!4 &8846253454346470611 stripped
Transform:
  m_CorrespondingSourceObject: {fileID: 5635784767397366933, guid: 19672f09cc8a0db40babd85b3ac41cce,
    type: 3}
  m_PrefabInstance: {fileID: 3815218243495512134}
  m_PrefabAsset: {fileID: 0}
--- !u!1 &3052465903465829182 stripped
GameObject:
  m_CorrespondingSourceObject: {fileID: 2210961024158358392, guid: 19672f09cc8a0db40babd85b3ac41cce,
    type: 3}
  m_PrefabInstance: {fileID: 3815218243495512134}
  m_PrefabAsset: {fileID: 0}
--- !u!1 &3821203962745272683 stripped
GameObject:
  m_CorrespondingSourceObject: {fileID: 141234491193356589, guid: 19672f09cc8a0db40babd85b3ac41cce,
    type: 3}
  m_PrefabInstance: {fileID: 3815218243495512134}
  m_PrefabAsset: {fileID: 0}
--- !u!1 &8422435552814227557 stripped
GameObject:
  m_CorrespondingSourceObject: {fileID: 4616436208052938787, guid: 19672f09cc8a0db40babd85b3ac41cce,
    type: 3}
  m_PrefabInstance: {fileID: 3815218243495512134}
  m_PrefabAsset: {fileID: 0}
--- !u!1 &2248918753548392181 stripped
GameObject:
  m_CorrespondingSourceObject: {fileID: 3154669798610476723, guid: 19672f09cc8a0db40babd85b3ac41cce,
    type: 3}
  m_PrefabInstance: {fileID: 3815218243495512134}
  m_PrefabAsset: {fileID: 0}
--- !u!1001 &5322413271370066943
PrefabInstance:
  m_ObjectHideFlags: 0
  serializedVersion: 2
  m_Modification:
    m_TransformParent: {fileID: 846733826924310817}
    m_Modifications:
    - target: {fileID: 88506810029938471, guid: 19672f09cc8a0db40babd85b3ac41cce,
        type: 3}
      propertyPath: m_StaticEditorFlags
      value: 4294967295
      objectReference: {fileID: 0}
    - target: {fileID: 130516859006836581, guid: 19672f09cc8a0db40babd85b3ac41cce,
        type: 3}
      propertyPath: m_StaticEditorFlags
      value: 4294967295
      objectReference: {fileID: 0}
    - target: {fileID: 141234491193356589, guid: 19672f09cc8a0db40babd85b3ac41cce,
        type: 3}
      propertyPath: m_Name
      value: Enclosure_Vault (1)
      objectReference: {fileID: 0}
    - target: {fileID: 141234491193356589, guid: 19672f09cc8a0db40babd85b3ac41cce,
        type: 3}
      propertyPath: m_StaticEditorFlags
      value: 4294967295
      objectReference: {fileID: 0}
    - target: {fileID: 172341418310871360, guid: 19672f09cc8a0db40babd85b3ac41cce,
        type: 3}
      propertyPath: m_StaticEditorFlags
      value: 4294967295
      objectReference: {fileID: 0}
    - target: {fileID: 194506268887859293, guid: 19672f09cc8a0db40babd85b3ac41cce,
        type: 3}
      propertyPath: m_StaticEditorFlags
      value: 4294967295
      objectReference: {fileID: 0}
    - target: {fileID: 442621885371436580, guid: 19672f09cc8a0db40babd85b3ac41cce,
        type: 3}
      propertyPath: m_StaticEditorFlags
      value: 4294967295
      objectReference: {fileID: 0}
    - target: {fileID: 670116750755467705, guid: 19672f09cc8a0db40babd85b3ac41cce,
        type: 3}
      propertyPath: m_StaticEditorFlags
      value: 4294967295
      objectReference: {fileID: 0}
    - target: {fileID: 871696075892480038, guid: 19672f09cc8a0db40babd85b3ac41cce,
        type: 3}
      propertyPath: m_StaticEditorFlags
      value: 4294967295
      objectReference: {fileID: 0}
    - target: {fileID: 1115244556963030007, guid: 19672f09cc8a0db40babd85b3ac41cce,
        type: 3}
      propertyPath: m_StaticEditorFlags
      value: 4294967295
      objectReference: {fileID: 0}
    - target: {fileID: 1524584193899560208, guid: 19672f09cc8a0db40babd85b3ac41cce,
        type: 3}
      propertyPath: m_StaticEditorFlags
      value: 4294967295
      objectReference: {fileID: 0}
    - target: {fileID: 1544011840677270197, guid: 19672f09cc8a0db40babd85b3ac41cce,
        type: 3}
      propertyPath: m_StaticEditorFlags
      value: 4294967295
      objectReference: {fileID: 0}
    - target: {fileID: 1607688937092472151, guid: 19672f09cc8a0db40babd85b3ac41cce,
        type: 3}
      propertyPath: m_StaticEditorFlags
      value: 4294967295
      objectReference: {fileID: 0}
    - target: {fileID: 1826551917727554313, guid: 19672f09cc8a0db40babd85b3ac41cce,
        type: 3}
      propertyPath: m_StaticEditorFlags
      value: 4294967295
      objectReference: {fileID: 0}
    - target: {fileID: 2210961024158358392, guid: 19672f09cc8a0db40babd85b3ac41cce,
        type: 3}
      propertyPath: m_StaticEditorFlags
      value: 4294967295
      objectReference: {fileID: 0}
    - target: {fileID: 2394385922584421357, guid: 19672f09cc8a0db40babd85b3ac41cce,
        type: 3}
      propertyPath: m_StaticEditorFlags
      value: 4294967295
      objectReference: {fileID: 0}
    - target: {fileID: 2733779009292940611, guid: 19672f09cc8a0db40babd85b3ac41cce,
        type: 3}
      propertyPath: m_StaticEditorFlags
      value: 4294967295
      objectReference: {fileID: 0}
    - target: {fileID: 2944409906590395356, guid: 19672f09cc8a0db40babd85b3ac41cce,
        type: 3}
      propertyPath: m_StaticEditorFlags
      value: 4294967295
      objectReference: {fileID: 0}
    - target: {fileID: 2982047351486739597, guid: 19672f09cc8a0db40babd85b3ac41cce,
        type: 3}
      propertyPath: m_StaticEditorFlags
      value: 4294967295
      objectReference: {fileID: 0}
    - target: {fileID: 3007913075252577046, guid: 19672f09cc8a0db40babd85b3ac41cce,
        type: 3}
      propertyPath: m_StaticEditorFlags
      value: 4294967295
      objectReference: {fileID: 0}
    - target: {fileID: 3081296738070715438, guid: 19672f09cc8a0db40babd85b3ac41cce,
        type: 3}
      propertyPath: m_StaticEditorFlags
      value: 4294967295
      objectReference: {fileID: 0}
    - target: {fileID: 3135077571758577435, guid: 19672f09cc8a0db40babd85b3ac41cce,
        type: 3}
      propertyPath: m_StaticEditorFlags
      value: 4294967295
      objectReference: {fileID: 0}
    - target: {fileID: 3139063459985055308, guid: 19672f09cc8a0db40babd85b3ac41cce,
        type: 3}
      propertyPath: m_StaticEditorFlags
      value: 4294967295
      objectReference: {fileID: 0}
    - target: {fileID: 3154669798610476723, guid: 19672f09cc8a0db40babd85b3ac41cce,
        type: 3}
      propertyPath: m_IsActive
      value: 0
      objectReference: {fileID: 0}
    - target: {fileID: 3154669798610476723, guid: 19672f09cc8a0db40babd85b3ac41cce,
        type: 3}
      propertyPath: m_StaticEditorFlags
      value: 4294967295
      objectReference: {fileID: 0}
    - target: {fileID: 3239093390961438284, guid: 19672f09cc8a0db40babd85b3ac41cce,
        type: 3}
      propertyPath: m_StaticEditorFlags
      value: 4294967295
      objectReference: {fileID: 0}
    - target: {fileID: 3374974189622206084, guid: 19672f09cc8a0db40babd85b3ac41cce,
        type: 3}
      propertyPath: m_StaticEditorFlags
      value: 4294967295
      objectReference: {fileID: 0}
    - target: {fileID: 3534476332946565193, guid: 19672f09cc8a0db40babd85b3ac41cce,
        type: 3}
      propertyPath: m_StaticEditorFlags
      value: 4294967295
      objectReference: {fileID: 0}
    - target: {fileID: 3634490043150022513, guid: 19672f09cc8a0db40babd85b3ac41cce,
        type: 3}
      propertyPath: m_StaticEditorFlags
      value: 4294967295
      objectReference: {fileID: 0}
    - target: {fileID: 3703812178898063008, guid: 19672f09cc8a0db40babd85b3ac41cce,
        type: 3}
      propertyPath: m_StaticEditorFlags
      value: 4294967295
      objectReference: {fileID: 0}
    - target: {fileID: 3732437873487863221, guid: 19672f09cc8a0db40babd85b3ac41cce,
        type: 3}
      propertyPath: m_StaticEditorFlags
      value: 4294967295
      objectReference: {fileID: 0}
    - target: {fileID: 3871459553140645916, guid: 19672f09cc8a0db40babd85b3ac41cce,
        type: 3}
      propertyPath: m_StaticEditorFlags
      value: 4294967295
      objectReference: {fileID: 0}
    - target: {fileID: 3902484699684676094, guid: 19672f09cc8a0db40babd85b3ac41cce,
        type: 3}
      propertyPath: m_StaticEditorFlags
      value: 4294967295
      objectReference: {fileID: 0}
    - target: {fileID: 3915554274683677133, guid: 19672f09cc8a0db40babd85b3ac41cce,
        type: 3}
      propertyPath: m_StaticEditorFlags
      value: 4294967295
      objectReference: {fileID: 0}
    - target: {fileID: 4034434883865788244, guid: 19672f09cc8a0db40babd85b3ac41cce,
        type: 3}
      propertyPath: m_StaticEditorFlags
      value: 4294967295
      objectReference: {fileID: 0}
    - target: {fileID: 4465975449829347662, guid: 19672f09cc8a0db40babd85b3ac41cce,
        type: 3}
      propertyPath: m_StaticEditorFlags
      value: 4294967295
      objectReference: {fileID: 0}
    - target: {fileID: 4616436208052938787, guid: 19672f09cc8a0db40babd85b3ac41cce,
        type: 3}
      propertyPath: m_IsActive
      value: 0
      objectReference: {fileID: 0}
    - target: {fileID: 4616436208052938787, guid: 19672f09cc8a0db40babd85b3ac41cce,
        type: 3}
      propertyPath: m_StaticEditorFlags
      value: 4294967295
      objectReference: {fileID: 0}
    - target: {fileID: 4625431444095486566, guid: 19672f09cc8a0db40babd85b3ac41cce,
        type: 3}
      propertyPath: m_StaticEditorFlags
      value: 4294967295
      objectReference: {fileID: 0}
    - target: {fileID: 4706878783056192172, guid: 19672f09cc8a0db40babd85b3ac41cce,
        type: 3}
      propertyPath: m_StaticEditorFlags
      value: 4294967295
      objectReference: {fileID: 0}
    - target: {fileID: 4754586484552820784, guid: 19672f09cc8a0db40babd85b3ac41cce,
        type: 3}
      propertyPath: m_StaticEditorFlags
      value: 4294967295
      objectReference: {fileID: 0}
    - target: {fileID: 4849360213269239134, guid: 19672f09cc8a0db40babd85b3ac41cce,
        type: 3}
      propertyPath: m_StaticEditorFlags
      value: 4294967295
      objectReference: {fileID: 0}
    - target: {fileID: 5007165103821776700, guid: 19672f09cc8a0db40babd85b3ac41cce,
        type: 3}
      propertyPath: m_StaticEditorFlags
      value: 4294967295
      objectReference: {fileID: 0}
    - target: {fileID: 5061375456783379915, guid: 19672f09cc8a0db40babd85b3ac41cce,
        type: 3}
      propertyPath: m_StaticEditorFlags
      value: 4294967295
      objectReference: {fileID: 0}
    - target: {fileID: 5564188735215128840, guid: 19672f09cc8a0db40babd85b3ac41cce,
        type: 3}
      propertyPath: m_StaticEditorFlags
      value: 4294967295
      objectReference: {fileID: 0}
    - target: {fileID: 5635784767397366933, guid: 19672f09cc8a0db40babd85b3ac41cce,
        type: 3}
      propertyPath: m_LocalPosition.x
      value: 3
      objectReference: {fileID: 0}
    - target: {fileID: 5635784767397366933, guid: 19672f09cc8a0db40babd85b3ac41cce,
        type: 3}
      propertyPath: m_LocalPosition.y
      value: 0
      objectReference: {fileID: 0}
    - target: {fileID: 5635784767397366933, guid: 19672f09cc8a0db40babd85b3ac41cce,
        type: 3}
      propertyPath: m_LocalPosition.z
      value: 0
      objectReference: {fileID: 0}
    - target: {fileID: 5635784767397366933, guid: 19672f09cc8a0db40babd85b3ac41cce,
        type: 3}
      propertyPath: m_LocalRotation.x
      value: -0
      objectReference: {fileID: 0}
    - target: {fileID: 5635784767397366933, guid: 19672f09cc8a0db40babd85b3ac41cce,
        type: 3}
      propertyPath: m_LocalRotation.y
      value: 0.7071068
      objectReference: {fileID: 0}
    - target: {fileID: 5635784767397366933, guid: 19672f09cc8a0db40babd85b3ac41cce,
        type: 3}
      propertyPath: m_LocalRotation.z
      value: -0
      objectReference: {fileID: 0}
    - target: {fileID: 5635784767397366933, guid: 19672f09cc8a0db40babd85b3ac41cce,
        type: 3}
      propertyPath: m_LocalRotation.w
      value: 0.7071068
      objectReference: {fileID: 0}
    - target: {fileID: 5635784767397366933, guid: 19672f09cc8a0db40babd85b3ac41cce,
        type: 3}
      propertyPath: m_RootOrder
      value: 2
      objectReference: {fileID: 0}
    - target: {fileID: 5635784767397366933, guid: 19672f09cc8a0db40babd85b3ac41cce,
        type: 3}
      propertyPath: m_LocalEulerAnglesHint.x
      value: 0
      objectReference: {fileID: 0}
    - target: {fileID: 5635784767397366933, guid: 19672f09cc8a0db40babd85b3ac41cce,
        type: 3}
      propertyPath: m_LocalEulerAnglesHint.y
      value: 90
      objectReference: {fileID: 0}
    - target: {fileID: 5635784767397366933, guid: 19672f09cc8a0db40babd85b3ac41cce,
        type: 3}
      propertyPath: m_LocalEulerAnglesHint.z
      value: 0
      objectReference: {fileID: 0}
    - target: {fileID: 5751822490050659851, guid: 19672f09cc8a0db40babd85b3ac41cce,
        type: 3}
      propertyPath: m_StaticEditorFlags
      value: 4294967295
      objectReference: {fileID: 0}
    - target: {fileID: 5818304423643630916, guid: 19672f09cc8a0db40babd85b3ac41cce,
        type: 3}
      propertyPath: m_StaticEditorFlags
      value: 4294967295
      objectReference: {fileID: 0}
    - target: {fileID: 5977866774437303422, guid: 19672f09cc8a0db40babd85b3ac41cce,
        type: 3}
      propertyPath: m_StaticEditorFlags
      value: 4294967295
      objectReference: {fileID: 0}
    - target: {fileID: 5984570153630309129, guid: 19672f09cc8a0db40babd85b3ac41cce,
        type: 3}
      propertyPath: m_StaticEditorFlags
      value: 4294967295
      objectReference: {fileID: 0}
    - target: {fileID: 6087633250263181282, guid: 19672f09cc8a0db40babd85b3ac41cce,
        type: 3}
      propertyPath: m_StaticEditorFlags
      value: 4294967295
      objectReference: {fileID: 0}
    - target: {fileID: 6173584070014830841, guid: 19672f09cc8a0db40babd85b3ac41cce,
        type: 3}
      propertyPath: m_StaticEditorFlags
      value: 4294967295
      objectReference: {fileID: 0}
    - target: {fileID: 6314609063972822497, guid: 19672f09cc8a0db40babd85b3ac41cce,
        type: 3}
      propertyPath: m_StaticEditorFlags
      value: 4294967295
      objectReference: {fileID: 0}
    - target: {fileID: 6349534473023272666, guid: 19672f09cc8a0db40babd85b3ac41cce,
        type: 3}
      propertyPath: m_StaticEditorFlags
      value: 4294967295
      objectReference: {fileID: 0}
    - target: {fileID: 6719217962359736738, guid: 19672f09cc8a0db40babd85b3ac41cce,
        type: 3}
      propertyPath: m_StaticEditorFlags
      value: 4294967295
      objectReference: {fileID: 0}
    - target: {fileID: 6805664949078179546, guid: 19672f09cc8a0db40babd85b3ac41cce,
        type: 3}
      propertyPath: m_IsActive
      value: 0
      objectReference: {fileID: 0}
    - target: {fileID: 6805664949078179546, guid: 19672f09cc8a0db40babd85b3ac41cce,
        type: 3}
      propertyPath: m_StaticEditorFlags
      value: 4294967295
      objectReference: {fileID: 0}
    - target: {fileID: 7140023502930969264, guid: 19672f09cc8a0db40babd85b3ac41cce,
        type: 3}
      propertyPath: m_StaticEditorFlags
      value: 4294967295
      objectReference: {fileID: 0}
    - target: {fileID: 7512325241651615253, guid: 19672f09cc8a0db40babd85b3ac41cce,
        type: 3}
      propertyPath: m_StaticEditorFlags
      value: 4294967295
      objectReference: {fileID: 0}
    - target: {fileID: 7622641185316819991, guid: 19672f09cc8a0db40babd85b3ac41cce,
        type: 3}
      propertyPath: m_StaticEditorFlags
      value: 4294967295
      objectReference: {fileID: 0}
    - target: {fileID: 7727493128024803629, guid: 19672f09cc8a0db40babd85b3ac41cce,
        type: 3}
      propertyPath: m_StaticEditorFlags
      value: 4294967295
      objectReference: {fileID: 0}
    - target: {fileID: 8087081720665690844, guid: 19672f09cc8a0db40babd85b3ac41cce,
        type: 3}
      propertyPath: m_StaticEditorFlags
      value: 4294967295
      objectReference: {fileID: 0}
    - target: {fileID: 8120099368457158395, guid: 19672f09cc8a0db40babd85b3ac41cce,
        type: 3}
      propertyPath: m_StaticEditorFlags
      value: 4294967295
      objectReference: {fileID: 0}
    - target: {fileID: 8139023222306291018, guid: 19672f09cc8a0db40babd85b3ac41cce,
        type: 3}
      propertyPath: m_StaticEditorFlags
      value: 4294967295
      objectReference: {fileID: 0}
    - target: {fileID: 8281499886445710008, guid: 19672f09cc8a0db40babd85b3ac41cce,
        type: 3}
      propertyPath: m_StaticEditorFlags
      value: 4294967295
      objectReference: {fileID: 0}
    - target: {fileID: 8326918698032964210, guid: 19672f09cc8a0db40babd85b3ac41cce,
        type: 3}
      propertyPath: m_StaticEditorFlags
      value: 4294967295
      objectReference: {fileID: 0}
    - target: {fileID: 8338969181617188285, guid: 19672f09cc8a0db40babd85b3ac41cce,
        type: 3}
      propertyPath: m_StaticEditorFlags
      value: 4294967295
      objectReference: {fileID: 0}
    - target: {fileID: 8364554610755542891, guid: 19672f09cc8a0db40babd85b3ac41cce,
        type: 3}
      propertyPath: m_StaticEditorFlags
      value: 4294967295
      objectReference: {fileID: 0}
    - target: {fileID: 8462066536145263427, guid: 19672f09cc8a0db40babd85b3ac41cce,
        type: 3}
      propertyPath: m_StaticEditorFlags
      value: 4294967295
      objectReference: {fileID: 0}
    - target: {fileID: 8557678452695404328, guid: 19672f09cc8a0db40babd85b3ac41cce,
        type: 3}
      propertyPath: m_StaticEditorFlags
      value: 4294967295
      objectReference: {fileID: 0}
    - target: {fileID: 9205706145265472551, guid: 19672f09cc8a0db40babd85b3ac41cce,
        type: 3}
      propertyPath: m_StaticEditorFlags
      value: 4294967295
      objectReference: {fileID: 0}
    m_RemovedComponents: []
  m_SourcePrefab: {fileID: 100100000, guid: 19672f09cc8a0db40babd85b3ac41cce, type: 3}
--- !u!1 &706470230392128476 stripped
GameObject:
  m_CorrespondingSourceObject: {fileID: 4616436208052938787, guid: 19672f09cc8a0db40babd85b3ac41cce,
    type: 3}
  m_PrefabInstance: {fileID: 5322413271370066943}
  m_PrefabAsset: {fileID: 0}
--- !u!1 &7069140533423306060 stripped
GameObject:
  m_CorrespondingSourceObject: {fileID: 3154669798610476723, guid: 19672f09cc8a0db40babd85b3ac41cce,
    type: 3}
  m_PrefabInstance: {fileID: 5322413271370066943}
  m_PrefabAsset: {fileID: 0}
--- !u!1 &1504896654803083869 stripped
GameObject:
  m_CorrespondingSourceObject: {fileID: 6719217962359736738, guid: 19672f09cc8a0db40babd85b3ac41cce,
    type: 3}
  m_PrefabInstance: {fileID: 5322413271370066943}
  m_PrefabAsset: {fileID: 0}
--- !u!1 &6301639778079551623 stripped
GameObject:
  m_CorrespondingSourceObject: {fileID: 2210961024158358392, guid: 19672f09cc8a0db40babd85b3ac41cce,
    type: 3}
  m_PrefabInstance: {fileID: 5322413271370066943}
  m_PrefabAsset: {fileID: 0}
--- !u!1 &5199624223618407122 stripped
GameObject:
  m_CorrespondingSourceObject: {fileID: 141234491193356589, guid: 19672f09cc8a0db40babd85b3ac41cce,
    type: 3}
  m_PrefabInstance: {fileID: 5322413271370066943}
  m_PrefabAsset: {fileID: 0}
--- !u!4 &570645199627315050 stripped
Transform:
  m_CorrespondingSourceObject: {fileID: 5635784767397366933, guid: 19672f09cc8a0db40babd85b3ac41cce,
    type: 3}
  m_PrefabInstance: {fileID: 5322413271370066943}
  m_PrefabAsset: {fileID: 0}
--- !u!1001 &6912951174936819747
PrefabInstance:
  m_ObjectHideFlags: 0
  serializedVersion: 2
  m_Modification:
    m_TransformParent: {fileID: 846733826924310817}
    m_Modifications:
    - target: {fileID: 88506810029938471, guid: 19672f09cc8a0db40babd85b3ac41cce,
        type: 3}
      propertyPath: m_StaticEditorFlags
      value: 4294967295
      objectReference: {fileID: 0}
    - target: {fileID: 130516859006836581, guid: 19672f09cc8a0db40babd85b3ac41cce,
        type: 3}
      propertyPath: m_StaticEditorFlags
      value: 4294967295
      objectReference: {fileID: 0}
    - target: {fileID: 141234491193356589, guid: 19672f09cc8a0db40babd85b3ac41cce,
        type: 3}
      propertyPath: m_Name
      value: Enclosure_Vault
      objectReference: {fileID: 0}
    - target: {fileID: 141234491193356589, guid: 19672f09cc8a0db40babd85b3ac41cce,
        type: 3}
      propertyPath: m_StaticEditorFlags
      value: 4294967295
      objectReference: {fileID: 0}
    - target: {fileID: 172341418310871360, guid: 19672f09cc8a0db40babd85b3ac41cce,
        type: 3}
      propertyPath: m_StaticEditorFlags
      value: 4294967295
      objectReference: {fileID: 0}
    - target: {fileID: 194506268887859293, guid: 19672f09cc8a0db40babd85b3ac41cce,
        type: 3}
      propertyPath: m_StaticEditorFlags
      value: 4294967295
      objectReference: {fileID: 0}
    - target: {fileID: 442621885371436580, guid: 19672f09cc8a0db40babd85b3ac41cce,
        type: 3}
      propertyPath: m_StaticEditorFlags
      value: 4294967295
      objectReference: {fileID: 0}
    - target: {fileID: 670116750755467705, guid: 19672f09cc8a0db40babd85b3ac41cce,
        type: 3}
      propertyPath: m_StaticEditorFlags
      value: 4294967295
      objectReference: {fileID: 0}
    - target: {fileID: 871696075892480038, guid: 19672f09cc8a0db40babd85b3ac41cce,
        type: 3}
      propertyPath: m_StaticEditorFlags
      value: 4294967295
      objectReference: {fileID: 0}
    - target: {fileID: 1115244556963030007, guid: 19672f09cc8a0db40babd85b3ac41cce,
        type: 3}
      propertyPath: m_StaticEditorFlags
      value: 4294967295
      objectReference: {fileID: 0}
    - target: {fileID: 1524584193899560208, guid: 19672f09cc8a0db40babd85b3ac41cce,
        type: 3}
      propertyPath: m_StaticEditorFlags
      value: 4294967295
      objectReference: {fileID: 0}
    - target: {fileID: 1544011840677270197, guid: 19672f09cc8a0db40babd85b3ac41cce,
        type: 3}
      propertyPath: m_StaticEditorFlags
      value: 4294967295
      objectReference: {fileID: 0}
    - target: {fileID: 1607688937092472151, guid: 19672f09cc8a0db40babd85b3ac41cce,
        type: 3}
      propertyPath: m_StaticEditorFlags
      value: 4294967295
      objectReference: {fileID: 0}
    - target: {fileID: 1826551917727554313, guid: 19672f09cc8a0db40babd85b3ac41cce,
        type: 3}
      propertyPath: m_StaticEditorFlags
      value: 4294967295
      objectReference: {fileID: 0}
    - target: {fileID: 2210961024158358392, guid: 19672f09cc8a0db40babd85b3ac41cce,
        type: 3}
      propertyPath: m_StaticEditorFlags
      value: 4294967295
      objectReference: {fileID: 0}
    - target: {fileID: 2394385922584421357, guid: 19672f09cc8a0db40babd85b3ac41cce,
        type: 3}
      propertyPath: m_StaticEditorFlags
      value: 4294967295
      objectReference: {fileID: 0}
    - target: {fileID: 2733779009292940611, guid: 19672f09cc8a0db40babd85b3ac41cce,
        type: 3}
      propertyPath: m_StaticEditorFlags
      value: 4294967295
      objectReference: {fileID: 0}
    - target: {fileID: 2944409906590395356, guid: 19672f09cc8a0db40babd85b3ac41cce,
        type: 3}
      propertyPath: m_StaticEditorFlags
      value: 4294967295
      objectReference: {fileID: 0}
    - target: {fileID: 2982047351486739597, guid: 19672f09cc8a0db40babd85b3ac41cce,
        type: 3}
      propertyPath: m_StaticEditorFlags
      value: 4294967295
      objectReference: {fileID: 0}
    - target: {fileID: 3007913075252577046, guid: 19672f09cc8a0db40babd85b3ac41cce,
        type: 3}
      propertyPath: m_StaticEditorFlags
      value: 4294967295
      objectReference: {fileID: 0}
    - target: {fileID: 3081296738070715438, guid: 19672f09cc8a0db40babd85b3ac41cce,
        type: 3}
      propertyPath: m_StaticEditorFlags
      value: 4294967295
      objectReference: {fileID: 0}
    - target: {fileID: 3135077571758577435, guid: 19672f09cc8a0db40babd85b3ac41cce,
        type: 3}
      propertyPath: m_StaticEditorFlags
      value: 4294967295
      objectReference: {fileID: 0}
    - target: {fileID: 3139063459985055308, guid: 19672f09cc8a0db40babd85b3ac41cce,
        type: 3}
      propertyPath: m_StaticEditorFlags
      value: 4294967295
      objectReference: {fileID: 0}
    - target: {fileID: 3154669798610476723, guid: 19672f09cc8a0db40babd85b3ac41cce,
        type: 3}
      propertyPath: m_IsActive
      value: 0
      objectReference: {fileID: 0}
    - target: {fileID: 3154669798610476723, guid: 19672f09cc8a0db40babd85b3ac41cce,
        type: 3}
      propertyPath: m_StaticEditorFlags
      value: 4294967295
      objectReference: {fileID: 0}
    - target: {fileID: 3239093390961438284, guid: 19672f09cc8a0db40babd85b3ac41cce,
        type: 3}
      propertyPath: m_StaticEditorFlags
      value: 4294967295
      objectReference: {fileID: 0}
    - target: {fileID: 3374974189622206084, guid: 19672f09cc8a0db40babd85b3ac41cce,
        type: 3}
      propertyPath: m_StaticEditorFlags
      value: 4294967295
      objectReference: {fileID: 0}
    - target: {fileID: 3534476332946565193, guid: 19672f09cc8a0db40babd85b3ac41cce,
        type: 3}
      propertyPath: m_StaticEditorFlags
      value: 4294967295
      objectReference: {fileID: 0}
    - target: {fileID: 3634490043150022513, guid: 19672f09cc8a0db40babd85b3ac41cce,
        type: 3}
      propertyPath: m_StaticEditorFlags
      value: 4294967295
      objectReference: {fileID: 0}
    - target: {fileID: 3703812178898063008, guid: 19672f09cc8a0db40babd85b3ac41cce,
        type: 3}
      propertyPath: m_StaticEditorFlags
      value: 4294967295
      objectReference: {fileID: 0}
    - target: {fileID: 3732437873487863221, guid: 19672f09cc8a0db40babd85b3ac41cce,
        type: 3}
      propertyPath: m_StaticEditorFlags
      value: 4294967295
      objectReference: {fileID: 0}
    - target: {fileID: 3871459553140645916, guid: 19672f09cc8a0db40babd85b3ac41cce,
        type: 3}
      propertyPath: m_StaticEditorFlags
      value: 4294967295
      objectReference: {fileID: 0}
    - target: {fileID: 3902484699684676094, guid: 19672f09cc8a0db40babd85b3ac41cce,
        type: 3}
      propertyPath: m_StaticEditorFlags
      value: 4294967295
      objectReference: {fileID: 0}
    - target: {fileID: 3915554274683677133, guid: 19672f09cc8a0db40babd85b3ac41cce,
        type: 3}
      propertyPath: m_StaticEditorFlags
      value: 4294967295
      objectReference: {fileID: 0}
    - target: {fileID: 4034434883865788244, guid: 19672f09cc8a0db40babd85b3ac41cce,
        type: 3}
      propertyPath: m_StaticEditorFlags
      value: 4294967295
      objectReference: {fileID: 0}
    - target: {fileID: 4465975449829347662, guid: 19672f09cc8a0db40babd85b3ac41cce,
        type: 3}
      propertyPath: m_StaticEditorFlags
      value: 4294967295
      objectReference: {fileID: 0}
    - target: {fileID: 4616436208052938787, guid: 19672f09cc8a0db40babd85b3ac41cce,
        type: 3}
      propertyPath: m_IsActive
      value: 0
      objectReference: {fileID: 0}
    - target: {fileID: 4616436208052938787, guid: 19672f09cc8a0db40babd85b3ac41cce,
        type: 3}
      propertyPath: m_StaticEditorFlags
      value: 4294967295
      objectReference: {fileID: 0}
    - target: {fileID: 4625431444095486566, guid: 19672f09cc8a0db40babd85b3ac41cce,
        type: 3}
      propertyPath: m_StaticEditorFlags
      value: 4294967295
      objectReference: {fileID: 0}
    - target: {fileID: 4706878783056192172, guid: 19672f09cc8a0db40babd85b3ac41cce,
        type: 3}
      propertyPath: m_StaticEditorFlags
      value: 4294967295
      objectReference: {fileID: 0}
    - target: {fileID: 4754586484552820784, guid: 19672f09cc8a0db40babd85b3ac41cce,
        type: 3}
      propertyPath: m_StaticEditorFlags
      value: 4294967295
      objectReference: {fileID: 0}
    - target: {fileID: 4849360213269239134, guid: 19672f09cc8a0db40babd85b3ac41cce,
        type: 3}
      propertyPath: m_StaticEditorFlags
      value: 4294967295
      objectReference: {fileID: 0}
    - target: {fileID: 5007165103821776700, guid: 19672f09cc8a0db40babd85b3ac41cce,
        type: 3}
      propertyPath: m_StaticEditorFlags
      value: 4294967295
      objectReference: {fileID: 0}
    - target: {fileID: 5061375456783379915, guid: 19672f09cc8a0db40babd85b3ac41cce,
        type: 3}
      propertyPath: m_StaticEditorFlags
      value: 4294967295
      objectReference: {fileID: 0}
    - target: {fileID: 5564188735215128840, guid: 19672f09cc8a0db40babd85b3ac41cce,
        type: 3}
      propertyPath: m_StaticEditorFlags
      value: 4294967295
      objectReference: {fileID: 0}
    - target: {fileID: 5635784767397366933, guid: 19672f09cc8a0db40babd85b3ac41cce,
        type: 3}
      propertyPath: m_LocalPosition.x
      value: 0
      objectReference: {fileID: 0}
    - target: {fileID: 5635784767397366933, guid: 19672f09cc8a0db40babd85b3ac41cce,
        type: 3}
      propertyPath: m_LocalPosition.y
      value: 0
      objectReference: {fileID: 0}
    - target: {fileID: 5635784767397366933, guid: 19672f09cc8a0db40babd85b3ac41cce,
        type: 3}
      propertyPath: m_LocalPosition.z
      value: 3
      objectReference: {fileID: 0}
    - target: {fileID: 5635784767397366933, guid: 19672f09cc8a0db40babd85b3ac41cce,
        type: 3}
      propertyPath: m_LocalRotation.x
      value: -0
      objectReference: {fileID: 0}
    - target: {fileID: 5635784767397366933, guid: 19672f09cc8a0db40babd85b3ac41cce,
        type: 3}
      propertyPath: m_LocalRotation.y
      value: -0
      objectReference: {fileID: 0}
    - target: {fileID: 5635784767397366933, guid: 19672f09cc8a0db40babd85b3ac41cce,
        type: 3}
      propertyPath: m_LocalRotation.z
      value: -0
      objectReference: {fileID: 0}
    - target: {fileID: 5635784767397366933, guid: 19672f09cc8a0db40babd85b3ac41cce,
        type: 3}
      propertyPath: m_LocalRotation.w
      value: 1
      objectReference: {fileID: 0}
    - target: {fileID: 5635784767397366933, guid: 19672f09cc8a0db40babd85b3ac41cce,
        type: 3}
      propertyPath: m_RootOrder
      value: 1
      objectReference: {fileID: 0}
    - target: {fileID: 5635784767397366933, guid: 19672f09cc8a0db40babd85b3ac41cce,
        type: 3}
      propertyPath: m_LocalEulerAnglesHint.x
      value: 0
      objectReference: {fileID: 0}
    - target: {fileID: 5635784767397366933, guid: 19672f09cc8a0db40babd85b3ac41cce,
        type: 3}
      propertyPath: m_LocalEulerAnglesHint.y
      value: 0
      objectReference: {fileID: 0}
    - target: {fileID: 5635784767397366933, guid: 19672f09cc8a0db40babd85b3ac41cce,
        type: 3}
      propertyPath: m_LocalEulerAnglesHint.z
      value: 0
      objectReference: {fileID: 0}
    - target: {fileID: 5751822490050659851, guid: 19672f09cc8a0db40babd85b3ac41cce,
        type: 3}
      propertyPath: m_StaticEditorFlags
      value: 4294967295
      objectReference: {fileID: 0}
    - target: {fileID: 5818304423643630916, guid: 19672f09cc8a0db40babd85b3ac41cce,
        type: 3}
      propertyPath: m_StaticEditorFlags
      value: 4294967295
      objectReference: {fileID: 0}
    - target: {fileID: 5977866774437303422, guid: 19672f09cc8a0db40babd85b3ac41cce,
        type: 3}
      propertyPath: m_StaticEditorFlags
      value: 4294967295
      objectReference: {fileID: 0}
    - target: {fileID: 5984570153630309129, guid: 19672f09cc8a0db40babd85b3ac41cce,
        type: 3}
      propertyPath: m_StaticEditorFlags
      value: 4294967295
      objectReference: {fileID: 0}
    - target: {fileID: 6087633250263181282, guid: 19672f09cc8a0db40babd85b3ac41cce,
        type: 3}
      propertyPath: m_StaticEditorFlags
      value: 4294967295
      objectReference: {fileID: 0}
    - target: {fileID: 6173584070014830841, guid: 19672f09cc8a0db40babd85b3ac41cce,
        type: 3}
      propertyPath: m_StaticEditorFlags
      value: 4294967295
      objectReference: {fileID: 0}
    - target: {fileID: 6314609063972822497, guid: 19672f09cc8a0db40babd85b3ac41cce,
        type: 3}
      propertyPath: m_StaticEditorFlags
      value: 4294967295
      objectReference: {fileID: 0}
    - target: {fileID: 6349534473023272666, guid: 19672f09cc8a0db40babd85b3ac41cce,
        type: 3}
      propertyPath: m_StaticEditorFlags
      value: 4294967295
      objectReference: {fileID: 0}
    - target: {fileID: 6719217962359736738, guid: 19672f09cc8a0db40babd85b3ac41cce,
        type: 3}
      propertyPath: m_StaticEditorFlags
      value: 4294967295
      objectReference: {fileID: 0}
    - target: {fileID: 6805664949078179546, guid: 19672f09cc8a0db40babd85b3ac41cce,
        type: 3}
      propertyPath: m_IsActive
      value: 0
      objectReference: {fileID: 0}
    - target: {fileID: 6805664949078179546, guid: 19672f09cc8a0db40babd85b3ac41cce,
        type: 3}
      propertyPath: m_StaticEditorFlags
      value: 4294967295
      objectReference: {fileID: 0}
    - target: {fileID: 7140023502930969264, guid: 19672f09cc8a0db40babd85b3ac41cce,
        type: 3}
      propertyPath: m_StaticEditorFlags
      value: 4294967295
      objectReference: {fileID: 0}
    - target: {fileID: 7512325241651615253, guid: 19672f09cc8a0db40babd85b3ac41cce,
        type: 3}
      propertyPath: m_StaticEditorFlags
      value: 4294967295
      objectReference: {fileID: 0}
    - target: {fileID: 7622641185316819991, guid: 19672f09cc8a0db40babd85b3ac41cce,
        type: 3}
      propertyPath: m_StaticEditorFlags
      value: 4294967295
      objectReference: {fileID: 0}
    - target: {fileID: 7727493128024803629, guid: 19672f09cc8a0db40babd85b3ac41cce,
        type: 3}
      propertyPath: m_StaticEditorFlags
      value: 4294967295
      objectReference: {fileID: 0}
    - target: {fileID: 8087081720665690844, guid: 19672f09cc8a0db40babd85b3ac41cce,
        type: 3}
      propertyPath: m_StaticEditorFlags
      value: 4294967295
      objectReference: {fileID: 0}
    - target: {fileID: 8120099368457158395, guid: 19672f09cc8a0db40babd85b3ac41cce,
        type: 3}
      propertyPath: m_StaticEditorFlags
      value: 4294967295
      objectReference: {fileID: 0}
    - target: {fileID: 8139023222306291018, guid: 19672f09cc8a0db40babd85b3ac41cce,
        type: 3}
      propertyPath: m_StaticEditorFlags
      value: 4294967295
      objectReference: {fileID: 0}
    - target: {fileID: 8281499886445710008, guid: 19672f09cc8a0db40babd85b3ac41cce,
        type: 3}
      propertyPath: m_StaticEditorFlags
      value: 4294967295
      objectReference: {fileID: 0}
    - target: {fileID: 8326918698032964210, guid: 19672f09cc8a0db40babd85b3ac41cce,
        type: 3}
      propertyPath: m_StaticEditorFlags
      value: 4294967295
      objectReference: {fileID: 0}
    - target: {fileID: 8338969181617188285, guid: 19672f09cc8a0db40babd85b3ac41cce,
        type: 3}
      propertyPath: m_StaticEditorFlags
      value: 4294967295
      objectReference: {fileID: 0}
    - target: {fileID: 8364554610755542891, guid: 19672f09cc8a0db40babd85b3ac41cce,
        type: 3}
      propertyPath: m_StaticEditorFlags
      value: 4294967295
      objectReference: {fileID: 0}
    - target: {fileID: 8462066536145263427, guid: 19672f09cc8a0db40babd85b3ac41cce,
        type: 3}
      propertyPath: m_StaticEditorFlags
      value: 4294967295
      objectReference: {fileID: 0}
    - target: {fileID: 8557678452695404328, guid: 19672f09cc8a0db40babd85b3ac41cce,
        type: 3}
      propertyPath: m_StaticEditorFlags
      value: 4294967295
      objectReference: {fileID: 0}
    - target: {fileID: 9205706145265472551, guid: 19672f09cc8a0db40babd85b3ac41cce,
        type: 3}
      propertyPath: m_StaticEditorFlags
      value: 4294967295
      objectReference: {fileID: 0}
    m_RemovedComponents: []
  m_SourcePrefab: {fileID: 100100000, guid: 19672f09cc8a0db40babd85b3ac41cce, type: 3}
--- !u!1 &6780864623842593038 stripped
GameObject:
  m_CorrespondingSourceObject: {fileID: 141234491193356589, guid: 19672f09cc8a0db40babd85b3ac41cce,
    type: 3}
  m_PrefabInstance: {fileID: 6912951174936819747}
  m_PrefabAsset: {fileID: 0}
--- !u!1 &2305662904835592192 stripped
GameObject:
  m_CorrespondingSourceObject: {fileID: 4616436208052938787, guid: 19672f09cc8a0db40babd85b3ac41cce,
    type: 3}
  m_PrefabInstance: {fileID: 6912951174936819747}
  m_PrefabAsset: {fileID: 0}
--- !u!1 &8369973992906221200 stripped
GameObject:
  m_CorrespondingSourceObject: {fileID: 3154669798610476723, guid: 19672f09cc8a0db40babd85b3ac41cce,
    type: 3}
  m_PrefabInstance: {fileID: 6912951174936819747}
  m_PrefabAsset: {fileID: 0}
--- !u!1 &202883348486041985 stripped
GameObject:
  m_CorrespondingSourceObject: {fileID: 6719217962359736738, guid: 19672f09cc8a0db40babd85b3ac41cce,
    type: 3}
  m_PrefabInstance: {fileID: 6912951174936819747}
  m_PrefabAsset: {fileID: 0}
--- !u!1 &4702133089437688667 stripped
GameObject:
  m_CorrespondingSourceObject: {fileID: 2210961024158358392, guid: 19672f09cc8a0db40babd85b3ac41cce,
    type: 3}
  m_PrefabInstance: {fileID: 6912951174936819747}
  m_PrefabAsset: {fileID: 0}
--- !u!4 &1286314347512820918 stripped
Transform:
  m_CorrespondingSourceObject: {fileID: 5635784767397366933, guid: 19672f09cc8a0db40babd85b3ac41cce,
    type: 3}
  m_PrefabInstance: {fileID: 6912951174936819747}
  m_PrefabAsset: {fileID: 0}
--- !u!1001 &8673827979642169738
PrefabInstance:
  m_ObjectHideFlags: 0
  serializedVersion: 2
  m_Modification:
    m_TransformParent: {fileID: 846733826924310817}
    m_Modifications:
    - target: {fileID: 1270349246754001962, guid: 959cf344261c3e342af3bb485369fa19,
        type: 3}
      propertyPath: m_StaticEditorFlags
      value: 4294967295
      objectReference: {fileID: 0}
    - target: {fileID: 1681025263906653205, guid: 959cf344261c3e342af3bb485369fa19,
        type: 3}
      propertyPath: m_StaticEditorFlags
      value: 4294967295
      objectReference: {fileID: 0}
    - target: {fileID: 2445615437914094502, guid: 959cf344261c3e342af3bb485369fa19,
        type: 3}
      propertyPath: m_StaticEditorFlags
      value: 4294967295
      objectReference: {fileID: 0}
    - target: {fileID: 2445643087161950206, guid: 959cf344261c3e342af3bb485369fa19,
        type: 3}
      propertyPath: m_StaticEditorFlags
      value: 4294967295
      objectReference: {fileID: 0}
    - target: {fileID: 2445852365180186938, guid: 959cf344261c3e342af3bb485369fa19,
        type: 3}
      propertyPath: m_StaticEditorFlags
      value: 4294967295
      objectReference: {fileID: 0}
    - target: {fileID: 2445887491023192328, guid: 959cf344261c3e342af3bb485369fa19,
        type: 3}
      propertyPath: m_StaticEditorFlags
      value: 4294967295
      objectReference: {fileID: 0}
    - target: {fileID: 2445961141485836504, guid: 959cf344261c3e342af3bb485369fa19,
        type: 3}
      propertyPath: m_StaticEditorFlags
      value: 4294967295
      objectReference: {fileID: 0}
    - target: {fileID: 2446035745658639858, guid: 959cf344261c3e342af3bb485369fa19,
        type: 3}
      propertyPath: m_StaticEditorFlags
      value: 4294967295
      objectReference: {fileID: 0}
    - target: {fileID: 2447541673621950816, guid: 959cf344261c3e342af3bb485369fa19,
        type: 3}
      propertyPath: m_StaticEditorFlags
      value: 4294967295
      objectReference: {fileID: 0}
    - target: {fileID: 3504543330751364435, guid: 959cf344261c3e342af3bb485369fa19,
        type: 3}
      propertyPath: m_StaticEditorFlags
      value: 4294967295
      objectReference: {fileID: 0}
    - target: {fileID: 4143575700365207419, guid: 959cf344261c3e342af3bb485369fa19,
        type: 3}
      propertyPath: m_StaticEditorFlags
      value: 4294967295
      objectReference: {fileID: 0}
    - target: {fileID: 4585898524693687329, guid: 959cf344261c3e342af3bb485369fa19,
        type: 3}
      propertyPath: m_StaticEditorFlags
      value: 4294967295
      objectReference: {fileID: 0}
    - target: {fileID: 4637803247894344169, guid: 959cf344261c3e342af3bb485369fa19,
        type: 3}
      propertyPath: m_StaticEditorFlags
      value: 4294967295
      objectReference: {fileID: 0}
    - target: {fileID: 4792261252124178588, guid: 959cf344261c3e342af3bb485369fa19,
        type: 3}
      propertyPath: m_StaticEditorFlags
      value: 4294967295
      objectReference: {fileID: 0}
    - target: {fileID: 5629439149902517717, guid: 959cf344261c3e342af3bb485369fa19,
        type: 3}
      propertyPath: m_StaticEditorFlags
      value: 4294967295
      objectReference: {fileID: 0}
    - target: {fileID: 6467899149593398645, guid: 959cf344261c3e342af3bb485369fa19,
        type: 3}
      propertyPath: m_StaticEditorFlags
      value: 4294967295
      objectReference: {fileID: 0}
    - target: {fileID: 6528778191624086807, guid: 959cf344261c3e342af3bb485369fa19,
        type: 3}
      propertyPath: m_Name
      value: Section_Vault
      objectReference: {fileID: 0}
    - target: {fileID: 6528778191624086807, guid: 959cf344261c3e342af3bb485369fa19,
        type: 3}
      propertyPath: m_StaticEditorFlags
      value: 4294967295
      objectReference: {fileID: 0}
    - target: {fileID: 7509634896718604772, guid: 959cf344261c3e342af3bb485369fa19,
        type: 3}
      propertyPath: m_StaticEditorFlags
      value: 4294967295
      objectReference: {fileID: 0}
    - target: {fileID: 7944675372228088416, guid: 959cf344261c3e342af3bb485369fa19,
        type: 3}
      propertyPath: m_StaticEditorFlags
      value: 4294967295
      objectReference: {fileID: 0}
    - target: {fileID: 8153918272278013130, guid: 959cf344261c3e342af3bb485369fa19,
        type: 3}
      propertyPath: m_LocalPosition.x
      value: 3
      objectReference: {fileID: 0}
    - target: {fileID: 8153918272278013130, guid: 959cf344261c3e342af3bb485369fa19,
        type: 3}
      propertyPath: m_LocalPosition.y
      value: 0
      objectReference: {fileID: 0}
    - target: {fileID: 8153918272278013130, guid: 959cf344261c3e342af3bb485369fa19,
        type: 3}
      propertyPath: m_LocalPosition.z
      value: 3
      objectReference: {fileID: 0}
    - target: {fileID: 8153918272278013130, guid: 959cf344261c3e342af3bb485369fa19,
        type: 3}
      propertyPath: m_LocalRotation.x
      value: -0
      objectReference: {fileID: 0}
    - target: {fileID: 8153918272278013130, guid: 959cf344261c3e342af3bb485369fa19,
        type: 3}
      propertyPath: m_LocalRotation.y
      value: -0
      objectReference: {fileID: 0}
    - target: {fileID: 8153918272278013130, guid: 959cf344261c3e342af3bb485369fa19,
        type: 3}
      propertyPath: m_LocalRotation.z
      value: -0
      objectReference: {fileID: 0}
    - target: {fileID: 8153918272278013130, guid: 959cf344261c3e342af3bb485369fa19,
        type: 3}
      propertyPath: m_LocalRotation.w
      value: 1
      objectReference: {fileID: 0}
    - target: {fileID: 8153918272278013130, guid: 959cf344261c3e342af3bb485369fa19,
        type: 3}
      propertyPath: m_RootOrder
      value: 0
      objectReference: {fileID: 0}
    - target: {fileID: 8153918272278013130, guid: 959cf344261c3e342af3bb485369fa19,
        type: 3}
      propertyPath: m_LocalEulerAnglesHint.x
      value: 0
      objectReference: {fileID: 0}
    - target: {fileID: 8153918272278013130, guid: 959cf344261c3e342af3bb485369fa19,
        type: 3}
      propertyPath: m_LocalEulerAnglesHint.y
      value: 0
      objectReference: {fileID: 0}
    - target: {fileID: 8153918272278013130, guid: 959cf344261c3e342af3bb485369fa19,
        type: 3}
      propertyPath: m_LocalEulerAnglesHint.z
      value: 0
      objectReference: {fileID: 0}
    - target: {fileID: 8205256711035883976, guid: 959cf344261c3e342af3bb485369fa19,
        type: 3}
      propertyPath: m_StaticEditorFlags
      value: 4294967295
      objectReference: {fileID: 0}
    - target: {fileID: 9053875164231421786, guid: 959cf344261c3e342af3bb485369fa19,
        type: 3}
      propertyPath: m_StaticEditorFlags
      value: 4294967295
      objectReference: {fileID: 0}
    m_RemovedComponents: []
  m_SourcePrefab: {fileID: 100100000, guid: 959cf344261c3e342af3bb485369fa19, type: 3}
--- !u!4 &682059914173533504 stripped
Transform:
  m_CorrespondingSourceObject: {fileID: 8153918272278013130, guid: 959cf344261c3e342af3bb485369fa19,
    type: 3}
  m_PrefabInstance: {fileID: 8673827979642169738}
  m_PrefabAsset: {fileID: 0}
